@Book{IEEE:1985:AIS,
  author =       "{IEEE Task P754}",
  title =        "{ANSI\slash IEEE 754-1985, Standard for Binary
                 Floating-Point Arithmetic}",
  publisher =    pub-IEEE-STD,
  address =      pub-IEEE-STD:adr,
  pages =        20,
  day =          12,
  month =        aug,
  year =         1985,
  ISBN =         "1-55937-653-8",
  ISBN-13 =      "978-1-55937-653-2",
  LCCN =         "????",
  bibdate =      "Thu Mar 02 09:57:22 2006",
  bibsource =    "http://www.math.utah.edu/pub/tex/bib/ieeestd.bib",
}

@book{ISO:C99,
  added-at = {2012-10-08T01:11:26.000+0200},
  address = {Geneva, Switzerland},
  author = {{ISO}},
  bibdate = {Mon Dec 19 11:12:12 2011},
  bibsource = {http://www.math.utah.edu/pub/tex/bib/isostd.bib},
  biburl = {http://www.bibsonomy.org/bibtex/264bc1cf4b2d3d46315a953c6f1688352/gron},
  day = 8,
  interhash = {c06a7dbbcb6724820875e51543282440},
  intrahash = {64bc1cf4b2d3d46315a953c6f1688352},
  keywords = {C Specification Standard},
  month = {December},
  pages = {683 (est.)},
  publisher = {International Organization for Standardization},
  remark = {Revises ISO/IEC 9899:1999, ISO/IEC 9899:1999/Cor
                 1:2001, ISO/IEC 9899:1999/Cor 2:2004, and ISO/IEC
                 9899:1999/Cor 3:2007.},
  timestamp = {2012-10-08T01:11:26.000+0200},
  title = {{ISO/IEC 9899:2011 Information technology ---
                 Programming languages --- C}},
  url = {http://www.iso.org/iso/iso_catalogue/catalogue_tc/catalogue_detail.htm?csnumber=57853},
  year = 2011
}

@inproceedings{DBLP:conf/cade/GaoKC13,
  author    = {Sicun Gao and
               Soonho Kong and
               Edmund M. Clarke},
  title     = {dReal: An SMT Solver for Nonlinear Theories over the Reals},
  booktitle = {CADE},
  year      = 2013,
  pages     = {208-214},
  ee        = {http://dx.doi.org/10.1007/978-3-642-38574-2_14},
  crossref  = {DBLP:conf/cade/2013},
  bibsource = {DBLP, http://dblp.uni-trier.de}
}
@proceedings{DBLP:conf/cade/2013,
  editor    = {Maria Paola Bonacina},
  title     = {Automated Deduction - CADE-24 - 24th International Conference
               on Automated Deduction, Lake Placid, NY, USA, June 9-14,
               2013. Proceedings},
  booktitle = {CADE},
  publisher = {Springer},
  series    = {Lecture Notes in Computer Science},
  volume    = 7898,
  year      = 2013,
  isbn      = {978-3-642-38573-5},
  ee        = {http://dx.doi.org/10.1007/978-3-642-38574-2},
  bibsource = {DBLP, http://dblp.uni-trier.de}
}

@article{Granvilliers:2006:ARI:1132973.1132980,
 author = {Granvilliers, Laurent and Benhamou, Fr{\'e}d{\'e}ric},
 title = {Algorithm 852: RealPaver: An Interval Solver Using Constraint Satisfaction Techniques},
 journal = {ACM Trans. Math. Softw.},
 issue_date = {March 2006},
 volume = 32,
 number = 1,
 month = mar,
 year = 2006,
 issn = {0098-3500},
 pages = {138--156},
 numpages = 19,
 url = {http://doi.acm.org/10.1145/1132973.1132980},
 doi = {10.1145/1132973.1132980},
 acmid = 1132980,
 publisher = {ACM},
 address = {New York, NY, USA},
 keywords = {Interval arithmetic, constraint satisfaction, interval Newton, local consistency, nonlinear system},
}

@article{Sankaranarayanan:2013:SAP:2499370.2462179,
 author = {Sankaranarayanan, Sriram and Chakarov, Aleksandar and Gulwani, Sumit},
 title = {Static Analysis for Probabilistic Programs: Inferring Whole Program Properties from Finitely Many Paths},
 journal = {SIGPLAN Not.},
 issue_date = {June 2013},
 volume = 48,
 number = 6,
 month = jun,
 year = 2013,
 issn = {0362-1340},
 pages = {447--458},
 numpages = 12,
 url = {http://doi.acm.org/10.1145/2499370.2462179},
 doi = {10.1145/2499370.2462179},
 acmid = 2462179,
 publisher = {ACM},
 address = {New York, NY, USA},
 keywords = {monte-carlo sampling, probabilistic programming, program verification, symbolic execution, volume bounding},
}
@inproceedings{Sankaranarayanan:2013:SAP:2491956.2462179,
 author = {Sankaranarayanan, Sriram and Chakarov, Aleksandar and Gulwani, Sumit},
 title = {Static Analysis for Probabilistic Programs: Inferring Whole Program Properties from Finitely Many Paths},
 booktitle = {Proceedings of the 34th ACM SIGPLAN Conference on Programming Language Design and Implementation},
 series = {PLDI '13},
 year = 2013,
 isbn = {978-1-4503-2014-6},
 location = {Seattle, Washington, USA},
 pages = {447--458},
 numpages = 12,
 url = {http://doi.acm.org/10.1145/2491956.2462179},
 doi = {10.1145/2491956.2462179},
 acmid = 2462179,
 publisher = {ACM},
 address = {New York, NY, USA},
 keywords = {monte-carlo sampling, probabilistic programming, program verification, symbolic execution, volume bounding},
}

@article{Lerch:2006:FFI:1141885.1141893,
 author = {Lerch, Michael and Tischler, German and Gudenberg, J\"{u}rgen Wolff Von and Hofschuster, Werner and Kr\"{a}mer, Walter},
 title = {FILIB++, a Fast Interval Library Supporting Containment Computations},
 journal = {ACM Trans. Math. Softw.},
 issue_date = {June 2006},
 volume = 32,
 number = 2,
 month = jun,
 year = 2006,
 issn = {0098-3500},
 pages = {299--324},
 numpages = 26,
 url = {http://doi.acm.org/10.1145/1141885.1141893},
 doi = {10.1145/1141885.1141893},
 acmid = 1141893,
 publisher = {ACM},
 address = {New York, NY, USA},
 keywords = {C\+\+ class library, containment computations, containment sets, exception free computations, filib\+\+, guaranteed numerical results, interval arithmetic, interval computations, templates, traits class, validated numerics, validation},
}
