
@inproceedings{DBLP:conf/lics/GaoAC12,
  author    = {Sicun Gao and
               Jeremy Avigad and
               Edmund M. Clarke},
  title     = {Delta-Decidability over the Reals},
  booktitle = {LICS},
  year      = {2012},
  pages     = {305-314},
  ee        = {http://dx.doi.org/10.1109/LICS.2012.41},
  bibsource = {DBLP, http://dblp.uni-trier.de}
}

@proceedings{DBLP:conf/lics/2012,
  title     = {Proceedings of the 27th Annual IEEE Symposium on Logic in
               Computer Science, LICS 2012, Dubrovnik, Croatia, June 25-28,
               2012},
  booktitle = {LICS},
  publisher = {IEEE},
  year      = {2012},
  isbn      = {978-1-4673-2263-8},
  ee        = {http://ieeexplore.ieee.org/xpl/mostRecentIssue.jsp?punumber=6275587},
  bibsource = {DBLP, http://dblp.uni-trier.de}
}




@inproceedings{DBLP:conf/cade/McLaughlinH05,
  author    = {Sean McLaughlin and
               John Harrison},
  title     = {A Proof-Producing Decision Procedure for Real Arithmetic},
  booktitle = {CADE},
  year      = {2005},
  pages     = {295-314},
  ee        = {http://dx.doi.org/10.1007/11532231_22},
  bibsource = {DBLP, http://dblp.uni-trier.de}
}


@inproceedings{DBLP:conf/ddecs/KupferschmidBTF11,
  author    = {Stefan Kupferschmid and
               Bernd Becker and
               Tino Teige and
               Martin Fr{\"a}nzle},
  title     = {Proof certificates and non-linear arithmetic constraints},
  booktitle = {DDECS},
  year      = {2011},
  pages     = {429-434},
  ee        = {http://dx.doi.org/10.1109/DDECS.2011.5783131},
  crossref  = {DBLP:conf/ddecs/2011},
  bibsource = {DBLP, http://dblp.uni-trier.de}
}

@proceedings{DBLP:conf/ddecs/2011,
  editor    = {Rolf Kraemer and
               Adam Pawlak and
               Andreas Steininger and
               Mario Sch{\"o}lzel and
               Jaan Raik and
               Heinrich Theodor Vierhaus},
  title     = {14th IEEE International Symposium on Design and Diagnostics
               of Electronic Circuits {\&} Systems, DDECS 2011, Cottbus,
               Germany, April 13-15, 2011},
  booktitle = {DDECS},
  publisher = {IEEE},
  year      = {2011},
  isbn      = {978-1-4244-9755-3},
  ee        = {http://ieeexplore.ieee.org/xpl/mostRecentIssue.jsp?punumber=5771301},
  bibsource = {DBLP, http://dblp.uni-trier.de}
}



@inproceedings{DBLP:conf/mkm/PassmoreJ09,
  author    = {Grant Olney Passmore and
               Paul B. Jackson},
  title     = {Combined Decision Techniques for the Existential Theory
               of the Reals},
  booktitle = {Calculemus/MKM},
  year      = {2009},
  pages     = {122-137},
  ee        = {http://dx.doi.org/10.1007/978-3-642-02614-0_14},
  crossref  = {DBLP:conf/mkm/2009},
  bibsource = {DBLP, http://dblp.uni-trier.de}
}


@inproceedings{DBLP:conf/cade/JovanovicM12,
  author    = {Dejan Jovanovic and
               Leonardo Mendon\c{c}a de Moura},
  title     = {Solving Non-linear Arithmetic},
  booktitle = {IJCAR},
  year      = {2012},
  pages     = {339-354},
  ee        = {http://dx.doi.org/10.1007/978-3-642-31365-3_27},
  bibsource = {DBLP, http://dblp.uni-trier.de}
}





@proceedings{DBLP:conf/mkm/2009,
  editor    = {Jacques Carette and
               Lucas Dixon and
               Claudio Sacerdoti Coen and
               Stephen M. Watt},
  title     = {Intelligent Computer Mathematics, 16th Symposium, Calculemus
               2009, 8th International Conference, MKM 2009, Held as Part
               of CICM 2009, Grand Bend, Canada, July 6-12, 2009. Proceedings},
  booktitle = {Calculemus/MKM},
  publisher = {Springer},
  series    = {Lecture Notes in Computer Science},
  volume    = {5625},
  year      = {2009},
  isbn      = {978-3-642-02613-3},
  ee        = {http://dx.doi.org/10.1007/978-3-642-02614-0},
  bibsource = {DBLP, http://dblp.uni-trier.de}
}



@article{DBLP:journals/toms/GranvilliersB06,
  author    = {Laurent Granvilliers and
               Fr{\'e}d{\'e}ric Benhamou},
  title     = {Algorithm 852: RealPaver: an interval solver using constraint
               satisfaction techniques},
  journal   = {ACM Trans. Math. Softw.},
  volume    = {32},
  number    = {1},
  year      = {2006},
  pages     = {138-156},
  ee        = {http://doi.acm.org/10.1145/1132973.1132980},
  bibsource = {DBLP, http://dblp.uni-trier.de}
}




@inproceedings{DBLP:conf/tacas/BruttomessoPST10,
  author    = {Roberto Bruttomesso and
               Edgar Pek and
               Natasha Sharygina and
               Aliaksei Tsitovich},
  title     = {The OpenSMT Solver},
  booktitle = {TACAS},
  year      = {2010},
  pages     = {150-153},
  ee        = {http://dx.doi.org/10.1007/978-3-642-12002-2_12},
  crossref  = {DBLP:conf/tacas/2010},
  bibsource = {DBLP, http://dblp.uni-trier.de}
}

@proceedings{DBLP:conf/tacas/2010,
  editor    = {Javier Esparza and
               Rupak Majumdar},
  title     = {Tools and Algorithms for the Construction and Analysis of
               Systems, 16th International Conference, TACAS 2010, Held
               as Part of the Joint European Conferences on Theory and
               Practice of Software, ETAPS 2010, Paphos, Cyprus, March
               20-28, 2010. Proceedings},
  booktitle = {TACAS},
  publisher = {Springer},
  series    = {Lecture Notes in Computer Science},
  volume    = {6015},
  year      = {2010},
  isbn      = {978-3-642-12001-5},
  ee        = {http://dx.doi.org/10.1007/978-3-642-12002-2},
  bibsource = {DBLP, http://dblp.uni-trier.de}
}








@article{DBLP:journals/fmsd/StumpORHT13,
  author    = {Aaron Stump and
               Duckki Oe and
               Andrew Reynolds and
               Liana Hadarean and
               Cesare Tinelli},
  title     = {SMT proof checking using a logical framework},
  journal   = {Formal Methods in System Design},
  volume    = {42},
  number    = {1},
  year      = {2013},
  pages     = {91-118},
  ee        = {http://dx.doi.org/10.1007/s10703-012-0163-3},
  bibsource = {DBLP, http://dblp.uni-trier.de}
}


@inproceedings{DBLP:conf/cade/JovanovicM12,
  author    = {Dejan Jovanovic and
               Leonardo Mendon\c{c}a de Moura},
  title     = {Solving Non-linear Arithmetic},
  booktitle = {IJCAR},
  year      = {2012},
  pages     = {339-354},
  ee        = {http://dx.doi.org/10.1007/978-3-642-31365-3_27},
  crossref  = {DBLP:conf/cade/2012},
  bibsource = {DBLP, http://dblp.uni-trier.de}
}

@proceedings{DBLP:conf/cade/2012,
  editor    = {Bernhard Gramlich and
               Dale Miller and
               Uli Sattler},
  title     = {Automated Reasoning - 6th International Joint Conference,
               IJCAR 2012, Manchester, UK, June 26-29, 2012. Proceedings},
  booktitle = {IJCAR},
  publisher = {Springer},
  series    = {Lecture Notes in Computer Science},
  volume    = {7364},
  year      = {2012},
  isbn      = {978-3-642-31364-6},
  ee        = {http://dx.doi.org/10.1007/978-3-642-31365-3},
  bibsource = {DBLP, http://dblp.uni-trier.de}
}





@article{DBLP:journals/jacm/NieuwenhuisOT06,
  author    = {Robert Nieuwenhuis and
               Albert Oliveras and
               Cesare Tinelli},
  title     = {Solving SAT and SAT Modulo Theories: From an abstract Davis--Putnam--Logemann--Loveland
               procedure to DPLL({\it T})},
  journal   = {J. ACM},
  volume    = {53},
  number    = {6},
  year      = {2006},
  pages     = {937-977},
  ee        = {http://doi.acm.org/10.1145/1217856.1217859},
  bibsource = {DBLP, http://dblp.uni-trier.de}
}





@inproceedings{DBLP:conf/cade/GaoAC12,
  author    = {Sicun Gao and
               Jeremy Avigad and
               Edmund M. Clarke},
  title     = {Delta-Complete Decision Procedures for Satisfiability over
               the Reals},
  booktitle = {IJCAR},
  year      = {2012},
  pages     = {286-300},
  ee        = {http://dx.doi.org/10.1007/978-3-642-31365-3_23},
  bibsource = {DBLP, http://dblp.uni-trier.de}
}

@proceedings{ijcar2012,
  editor    = {Bernhard Gramlich and
               Dale Miller and
               Uli Sattler},
  title     = {Automated Reasoning - 6th International Joint Conference,
               IJCAR 2012, Manchester, UK, June 26-29, 2012. Proceedings},
  booktitle = {IJCAR},
  publisher = {Springer},
  series    = {Lecture Notes in Computer Science},
  volume    = {7364},
  year      = {2012},
  isbn      = {978-3-642-31364-6},
  ee        = {http://dx.doi.org/10.1007/978-3-642-31365-3},
  bibsource = {DBLP, http://dblp.uni-trier.de}
}



@inproceedings{DBLP:conf/itp/Paulson12,
  author    = {Lawrence C. Paulson},
  title     = {MetiTarski: Past and Future},
  booktitle = {ITP},
  year      = {2012},
  pages     = {1-10},
  ee        = {http://dx.doi.org/10.1007/978-3-642-32347-8_1},
  crossref  = {DBLP:conf/itp/2012},
  bibsource = {DBLP, http://dblp.uni-trier.de}
}

@proceedings{DBLP:conf/itp/2012,
  editor    = {Lennart Beringer and
               Amy P. Felty},
  title     = {Interactive Theorem Proving - Third International Conference,
               ITP 2012, Princeton, NJ, USA, August 13-15, 2012. Proceedings},
  booktitle = {ITP},
  publisher = {Springer},
  series    = {Lecture Notes in Computer Science},
  volume    = {7406},
  year      = {2012},
  isbn      = {978-3-642-32346-1},
  ee        = {http://dx.doi.org/10.1007/978-3-642-32347-8},
  bibsource = {DBLP, http://dblp.uni-trier.de}
}



@article{DBLP:journals/jar/AkbarpourP10,
  author    = {Behzad Akbarpour and
               Lawrence C. Paulson},
  title     = {MetiTarski: An Automatic Theorem Prover for Real-Valued
               Special Functions},
  journal   = {J. Autom. Reasoning},
  volume    = {44},
  number    = {3},
  year      = {2010},
  pages     = {175-205},
  ee        = {http://dx.doi.org/10.1007/s10817-009-9149-2},
  bibsource = {DBLP, http://dblp.uni-trier.de}
}

@article{MN12,
      Author = "C{\'{e}}sar Mu{\~{n}}oz and Anthony Narkawicz",
      Title  = "Formalization of a Representation of {B}ernstein Polynomials and Applications to Global Optimization",
      Journal = "Journal of Automated Reasoning",
      doi      = "10.1007/s10817-012-9256-3",
      publisher = "Springer",
      url      = "http://dx.doi.org/10.1007/s10817-012-9256-3",
      note = "Accepted for publication",
      year = {2012}}



@inproceedings{DBLP:conf/aisc/PassmorePM12,
  author    = {Grant Olney Passmore and
               Lawrence C. Paulson and
               Leonardo Mendon\c{c}a de Moura},
  title     = {Real Algebraic Strategies for MetiTarski Proofs},
  booktitle = {AISC/MKM/Calculemus},
  year      = {2012},
  pages     = {358-370},
  ee        = {http://dx.doi.org/10.1007/978-3-642-31374-5_24},
  crossref  = {DBLP:conf/aisc/2012},
  bibsource = {DBLP, http://dblp.uni-trier.de}
}

@proceedings{DBLP:conf/aisc/2012,
  editor    = {Johan Jeuring and
               John A. Campbell and
               Jacques Carette and
               Gabriel Dos Reis and
               Petr Sojka and
               Makarius Wenzel and
               Volker Sorge},
  title     = {Intelligent Computer Mathematics - 11th International Conference,
               AISC 2012, 19th Symposium, Calculemus 2012, 5th International
               Workshop, DML 2012, 11th International Conference, MKM 2012,
               Systems and Projects, Held as Part of CICM 2012, Bremen,
               Germany, July 8-13, 2012. Proceedings},
  booktitle = {AISC/MKM/Calculemus},
  publisher = {Springer},
  series    = {Lecture Notes in Computer Science},
  volume    = {7362},
  year      = {2012},
  isbn      = {978-3-642-31373-8},
  ee        = {http://dx.doi.org/10.1007/978-3-642-31374-5},
  bibsource = {DBLP, http://dblp.uni-trier.de}
}


@article{lpw:sttt97,
  author = 	 {Kim G.\ Larsen and Paul Pettersson and Wang Yi},
  title = 	 {{{\sc Uppaal}\ in a Nutshell}},
  journal = 	 {Int.\ Journal on Software Tools for Technology Transfer},
  publisher =    {Springer--Verlag},
  volume =       1,
  number =       {1--2},
  pages =        {134-152},
  month =        Oct,
  year = 	 {1997}
}



@article{DBLP:journals/tcs/Bournez99,
  author    = {Olivier Bournez},
  title     = {Achilles and the Tortoise Climbing up the Hyper-Arithmetical
               Hierarchy},
  journal   = {Theor. Comput. Sci.},
  volume    = {210},
  number    = {1},
  year      = {1999},
  pages     = {21-71},
  ee        = {http://dx.doi.org/10.1016/S0304-3975(98)00096-6},
  bibsource = {DBLP, http://dblp.uni-trier.de}
}



@inproceedings{DBLP:conf/hybrid/Sankaranarayanan10,
  author    = {Sriram Sankaranarayanan},
  title     = {Automatic invariant generation for hybrid systems using
               ideal fixed points},
  booktitle = {HSCC},
  year      = {2010},
  pages     = {221-230},
  ee        = {http://doi.acm.org/10.1145/1755952.1755984},
  crossref  = {DBLP:conf/hybrid/2010},
  bibsource = {DBLP, http://dblp.uni-trier.de}
}

@proceedings{DBLP:conf/hybrid/2010,
  editor    = {Karl Henrik Johansson and
               Wang Yi},
  title     = {Proceedings of the 13th ACM International Conference on
               Hybrid Systems: Computation and Control, HSCC 2010, Stockholm,
               Sweden, April 12-15, 2010},
  booktitle = {HSCC},
  publisher = {ACM ACM},
  year      = {2010},
  isbn      = {978-1-60558-955-8},
  bibsource = {DBLP, http://dblp.uni-trier.de}
}


@inproceedings{DBLP:conf/cade/PlatzerQ08,
  author    = {Andr{\'e} Platzer and
               Jan-David Quesel},
  title     = {KeYmaera: A Hybrid Theorem Prover for Hybrid Systems (System
               Description)},
  booktitle = {IJCAR},
  year      = {2008},
  pages     = {171-178},
  ee        = {http://dx.doi.org/10.1007/978-3-540-71070-7_15},
  crossref  = {DBLP:conf/cade/2008},
  bibsource = {DBLP, http://dblp.uni-trier.de}
}

@proceedings{DBLP:conf/cade/2008,
  editor    = {Alessandro Armando and
               Peter Baumgartner and
               Gilles Dowek},
  title     = {Automated Reasoning, 4th International Joint Conference,
               IJCAR 2008, Sydney, Australia, August 12-15, 2008, Proceedings},
  booktitle = {IJCAR},
  publisher = {Springer},
  series    = {Lecture Notes in Computer Science},
  volume    = {5195},
  year      = {2008},
  isbn      = {978-3-540-71069-1},
  bibsource = {DBLP, http://dblp.uni-trier.de}
}



@inproceedings{DBLP:conf/lics/Platzer12,
  author    = {Andr{\'e} Platzer},
  title     = {Logics of Dynamical Systems},
  booktitle = {LICS},
  year      = {2012},
  pages     = {13-24},
  ee        = {http://dx.doi.org/10.1109/LICS.2012.13},
  crossref  = {DBLP:conf/lics/2012},
  bibsource = {DBLP, http://dblp.uni-trier.de}
}

@proceedings{DBLP:conf/lics/2012,
  title     = {Proceedings of the 27th Annual IEEE Symposium on Logic in
               Computer Science, LICS 2012, Dubrovnik, Croatia, June 25-28,
               2012},
  booktitle = {LICS},
  publisher = {IEEE},
  year      = {2012},
  isbn      = {978-1-4673-2263-8},
  ee        = {http://ieeexplore.ieee.org/xpl/mostRecentIssue.jsp?punumber=6275587},
  bibsource = {DBLP, http://dblp.uni-trier.de}
}

@inproceedings{DBLP:conf/hybrid/GirardGM06,
  author    = {Antoine Girard and
               Colas Le Guernic and
               Oded Maler},
  title     = {Efficient Computation of Reachable Sets of Linear Time-Invariant
               Systems with Inputs},
  booktitle = {HSCC},
  year      = {2006},
  pages     = {257-271},
  ee        = {http://dx.doi.org/10.1007/11730637_21},
  crossref  = {DBLP:conf/hybrid/2006},
  bibsource = {DBLP, http://dblp.uni-trier.de}
}

@proceedings{DBLP:conf/hybrid/2006,
  editor    = {Jo{\~a}o P. Hespanha and
               Ashish Tiwari},
  title     = {Hybrid Systems: Computation and Control, 9th International
               Workshop, HSCC 2006, Santa Barbara, CA, USA, March 29-31,
               2006, Proceedings},
  booktitle = {HSCC},
  publisher = {Springer},
  series    = {Lecture Notes in Computer Science},
  volume    = {3927},
  year      = {2006},
  isbn      = {3-540-33170-0},
  bibsource = {DBLP, http://dblp.uni-trier.de}
}



@inproceedings{DBLP:conf/cav/GuernicG09,
  author    = {Colas Le Guernic and
               Antoine Girard},
  title     = {Reachability Analysis of Hybrid Systems Using Support Functions},
  booktitle = {CAV},
  year      = {2009},
  pages     = {540-554},
  ee        = {http://dx.doi.org/10.1007/978-3-642-02658-4_40},
  crossref  = {DBLP:conf/cav/2009},
  bibsource = {DBLP, http://dblp.uni-trier.de}
}

@proceedings{DBLP:conf/cav/2009,
  editor    = {Ahmed Bouajjani and
               Oded Maler},
  title     = {Computer Aided Verification, 21st International Conference,
               CAV 2009, Grenoble, France, June 26 - July 2, 2009. Proceedings},
  booktitle = {CAV},
  publisher = {Springer},
  series    = {Lecture Notes in Computer Science},
  volume    = {5643},
  year      = {2009},
  isbn      = {978-3-642-02657-7},
  ee        = {http://dx.doi.org/10.1007/978-3-642-02658-4},
  bibsource = {DBLP, http://dblp.uni-trier.de}
}


@inproceedings{DBLP:conf/hybrid/AsarinDMB00,
  author    = {Eugene Asarin and
               Thao Dang and
               Oded Maler and
               Olivier Bournez},
  title     = {Approximate Reachability Analysis of Piecewise-Linear Dynamical
               Systems},
  booktitle = {HSCC},
  year      = {2000},
  pages     = {20-31},
  ee        = {http://dx.doi.org/10.1007/3-540-46430-1_6},
  crossref  = {DBLP:conf/hybrid/2000},
  bibsource = {DBLP, http://dblp.uni-trier.de}
}

@proceedings{DBLP:conf/hybrid/2000,
  editor    = {Nancy A. Lynch and
               Bruce H. Krogh},
  title     = {Hybrid Systems: Computation and Control, Third International
               Workshop, HSCC 2000, Pittsburgh, PA, USA, March 23-25, 2000,
               Proceedings},
  booktitle = {HSCC},
  publisher = {Springer},
  series    = {Lecture Notes in Computer Science},
  volume    = {1790},
  year      = {2000},
  isbn      = {3-540-67259-1},
  bibsource = {DBLP, http://dblp.uni-trier.de}
}

@inproceedings{DBLP:conf/hybrid/ChutinanK99,
  author    = {Alongkrit Chutinan and
               Bruce H. Krogh},
  title     = {Verification of Polyhedral-Invariant Hybrid Automata Using
               Polygonal Flow Pipe Approximations},
  booktitle = {HSCC},
  year      = {1999},
  pages     = {76-90},
  ee        = {http://dx.doi.org/10.1007/3-540-48983-5_10},
  crossref  = {DBLP:conf/hybrid/1999},
  bibsource = {DBLP, http://dblp.uni-trier.de}
}

@proceedings{DBLP:conf/hybrid/1999,
  editor    = {Frits W. Vaandrager and
               Jan H. van Schuppen},
  title     = {Hybrid Systems: Computation and Control, Second International
               Workshop, HSCC'99, Berg en Dal, The Netherlands, March 29-31,
               1999, Proceedings},
  booktitle = {HSCC},
  publisher = {Springer},
  series    = {Lecture Notes in Computer Science},
  volume    = {1569},
  year      = {1999},
  isbn      = {3-540-65734-7},
  bibsource = {DBLP, http://dblp.uni-trier.de}
}

@article{DBLP:journals/tse/AlurHH96,
  author    = {Rajeev Alur and
               Thomas A. Henzinger and
               Pei-Hsin Ho},
  title     = {Automatic Symbolic Verification of Embedded Systems},
  journal   = {IEEE Trans. Software Eng.},
  volume    = {22},
  number    = {3},
  year      = {1996},
  pages     = {181-201},
  ee        = {http://doi.ieeecomputersociety.org/10.1109/32.489079},
  bibsource = {DBLP, http://dblp.uni-trier.de}
}




@article{DBLP:journals/deds/GirardJP08,
  author    = {Antoine Girard and
               A. Agung Julius and
               George J. Pappas},
  title     = {Approximate Simulation Relations for Hybrid Systems},
  journal   = {Discrete Event Dynamic Systems},
  volume    = {18},
  number    = {2},
  year      = {2008},
  pages     = {163-179},
  ee        = {http://dx.doi.org/10.1007/s10626-007-0029-9},
  bibsource = {DBLP, http://dblp.uni-trier.de}
}

@article{DBLP:journals/automatica/GirardP07,
  author    = {Antoine Girard and
               George J. Pappas},
  title     = {Approximate bisimulation relations for constrained linear
               systems},
  journal   = {Automatica},
  volume    = {43},
  number    = {8},
  year      = {2007},
  pages     = {1307-1317},
  ee        = {http://dx.doi.org/10.1016/j.automatica.2007.01.019},
  bibsource = {DBLP, http://dblp.uni-trier.de}
}


@proceedings{DBLP:series/faia/2009-185,
  editor    = {Armin Biere and
               Marijn Heule and
               Hans van Maaren and
               Toby Walsh},
  title     = {Handbook of Satisfiability},
  booktitle = {Handbook of Satisfiability},
  publisher = {IOS Press},
  series    = {Frontiers in Artificial Intelligence and Applications},
  volume    = {185},
  year      = {2009},
  isbn      = {978-1-58603-929-5},
  bibsource = {DBLP, http://dblp.uni-trier.de}
}



@article{DBLP:journals/fmsd/ClarkeBRZ01,
  author    = {Edmund M. Clarke and
               Armin Biere and
               Richard Raimi and
               Yunshan Zhu},
  title     = {Bounded Model Checking Using Satisfiability Solving},
  journal   = {Formal Methods in System Design},
  volume    = {19},
  number    = {1},
  year      = {2001},
  pages     = {7-34},
  ee        = {http://dx.doi.org/10.1023/A:1011276507260},
  bibsource = {DBLP, http://dblp.uni-trier.de}
}


@article{DBLP:journals/tc/Bryant86,
  author    = {Randal E. Bryant},
  title     = {Graph-Based Algorithms for Boolean Function Manipulation},
  journal   = {IEEE Trans. Computers},
  volume    = {35},
  number    = {8},
  year      = {1986},
  pages     = {677-691},
  ee        = {http://doi.ieeecomputersociety.org/10.1109/TC.1986.1676819},
  bibsource = {DBLP, http://dblp.uni-trier.de}
}


@inproceedings{DBLP:conf/cav/ClarkeMCH96,
  author    = {Edmund M. Clarke and
               Kenneth L. McMillan and
               S{\'e}rgio Vale Aguiar Campos and
               Vassili Hartonas-Garmhausen},
  title     = {Symbolic Model Checking},
  booktitle = {CAV},
  year      = {1996},
  pages     = {419-427},
  ee        = {http://dx.doi.org/10.1007/3-540-61474-5_93},
  crossref  = {DBLP:conf/cav/1996},
  bibsource = {DBLP, http://dblp.uni-trier.de}
}

@proceedings{DBLP:conf/cav/1996,
  editor    = {Rajeev Alur and
               Thomas A. Henzinger},
  title     = {Computer Aided Verification, 8th International Conference,
               CAV '96, New Brunswick, NJ, USA, July 31 - August 3, 1996,
               Proceedings},
  booktitle = {CAV},
  publisher = {Springer},
  series    = {Lecture Notes in Computer Science},
  volume    = {1102},
  year      = {1996},
  isbn      = {3-540-61474-5},
  bibsource = {DBLP, http://dblp.uni-trier.de}
}


@book{DBLP:books/daglib/0007403,
  author    = {Edmund M. Clarke and
               Orna Grumberg and
               Doron Peled},
  title     = {Model checking},
  publisher = {MIT Press},
  year      = {2001},
  isbn      = {978-0-262-03270-4},
  pages     = {I-XIV, 1-314},
  bibsource = {DBLP, http://dblp.uni-trier.de}
}


@inproceedings{DBLP:conf/lop/ClarkeE81,
  author    = {Edmund M. Clarke and
               E. Allen Emerson},
  title     = {Design and Synthesis of Synchronization Skeletons Using
               Branching-Time Temporal Logic},
  booktitle = {Logic of Programs},
  year      = {1981},
  pages     = {52-71},
  ee        = {http://dx.doi.org/10.1007/BFb0025774},
  crossref  = {DBLP:conf/lop/1981},
  bibsource = {DBLP, http://dblp.uni-trier.de}
}

@proceedings{DBLP:conf/lop/1981,
  editor    = {Dexter Kozen},
  title     = {Logics of Programs, Workshop, Yorktown Heights, New York,
               May 1981},
  booktitle = {Logics of Programs},
  publisher = {Springer},
  series    = {Lecture Notes in Computer Science},
  volume    = {131},
  year      = {1982},
  isbn      = {3-540-11212-X},
  bibsource = {DBLP, http://dblp.uni-trier.de}
}

@inproceedings{DBLP:conf/isorc/Lee08a,
  author    = {Edward A. Lee},
  title     = {Cyber Physical Systems: Design Challenges},
  booktitle = {ISORC},
  year      = {2008},
  pages     = {363-369},
  ee        = {http://doi.ieeecomputersociety.org/10.1109/ISORC.2008.25},
  crossref  = {DBLP:conf/isorc/2008},
  bibsource = {DBLP, http://dblp.uni-trier.de}
}

@proceedings{DBLP:conf/isorc/2008,
  title     = {11th IEEE International Symposium on Object-Oriented Real-Time
               Distributed Computing (ISORC 2008), 5-7 May 2008, Orlando,
               Florida, USA},
  booktitle = {ISORC},
  publisher = {IEEE Computer Society},
  year      = {2008},
  bibsource = {DBLP, http://dblp.uni-trier.de}
}



@misc{wikibug,
title = {List of software bugs},
author = {Wikipedia},
year = {2012},

}


@misc{boost,
title = {The Boost C++ Libraries},
howpublished = "\texttt{http://boost.org}",
}

@inproceedings{kahan,
author = {William Kahan},
title = {What might {A}lan {T}uring say about the inevitable fallibility of software?},
year = 2012,
booktitle = {ACM Turing 100 Conference}
}

@book{leeseshia,
author = {Edward Lee and Sanjit Seshia},
title = {Introduction to Embedded Systems},
year = 2011,
}



@inproceedings{DBLP:conf/tacas/BruttomessoPST10,
  author    = {Roberto Bruttomesso and
               Edgar Pek and
               Natasha Sharygina and
               Aliaksei Tsitovich},
  title     = {The OpenSMT Solver},
  booktitle = {TACAS},
  year      = {2010},
  pages     = {150-153},
  ee        = {http://dx.doi.org/10.1007/978-3-642-12002-2_12},
  crossref  = {DBLP:conf/tacas/2010},
  bibsource = {DBLP, http://dblp.uni-trier.de}
}
@proceedings{DBLP:conf/tacas/2010,
  editor    = {Javier Esparza and
               Rupak Majumdar},
  title     = {Tools and Algorithms for the Construction and Analysis of
               Systems, 16th International Conference, TACAS 2010, Held
               as Part of the Joint European Conferences on Theory and
               Practice of Software, ETAPS 2010, Paphos, Cyprus, March
               20-28, 2010. Proceedings},
  booktitle = {TACAS},
  publisher = {Springer},
  series    = {Lecture Notes in Computer Science},
  volume    = {6015},
  year      = {2010},
  isbn      = {978-3-642-12001-5},
  ee        = {http://dx.doi.org/10.1007/978-3-642-12002-2},
  bibsource = {DBLP, http://dblp.uni-trier.de}
}
@inproceedings{een03minisat,
  added-at = {2007-07-23T12:04:07.000+0200},
  author = {Eén, Niklas and Sörensson, Niklas},
  biburl = {http://www.bibsonomy.org/bibtex/2909cef8f82f1ff9db2ac34250f665651/zeno},
  booktitle = {SAT},
  crossref = {conf/sat/2003},
  editor = {Giunchiglia, Enrico and Tacchella, Armando},
  ee = {http://www.cs.chalmers.se/Cs/Research/FormalMethods/MiniSat/cgi/MiniSat.ps.gz.cgi},
  interhash = {151d69dfc3555b5c2a42b1e1acdb6010},
  intrahash = {909cef8f82f1ff9db2ac34250f665651},
  keywords = {2003 2004 SAT-solver ais-07w efficiency implementation},
  pages = {502--518},
  publisher = {Springer},
  series = {Lecture Notes in Computer Science},
  timestamp = {2007-07-23T12:04:07.000+0200},
  title = {An Extensible SAT-solver},
  url = {http://dblp.uni-trier.de/db/conf/sat/sat2003.html#EenS03},
  volume = 2919,
  year = 2003
}
@inproceedings{DBLP:conf/fmcad/NuzzoPSS10,
  author    = {Pierluigi Nuzzo and
               Alberto Puggelli and
               Sanjit A. Seshia and
               Alberto L. Sangiovanni-Vincentelli},
  title     = {CalCS: SMT solving for non-linear convex constraints},
  booktitle = {FMCAD},
  year      = {2010},
  pages     = {71-79},
  ee        = {http://ieeexplore.ieee.org/xpls/abs_all.jsp?arnumber=5770935},
  crossref  = {DBLP:conf/fmcad/2010},
  bibsource = {DBLP, http://dblp.uni-trier.de}
}
@proceedings{DBLP:conf/fmcad/2010,
  editor    = {Roderick Bloem and
               Natasha Sharygina},
  title     = {Proceedings of 10th International Conference on Formal Methods
               in Computer-Aided Design, FMCAD 2010, Lugano, Switzerland,
               October 20-23},
  booktitle = {FMCAD},
  publisher = {IEEE},
  year      = {2010},
  bibsource = {DBLP, http://dblp.uni-trier.de}
}


@inproceedings{DBLP:conf/mkm/PassmoreJ09,
  author    = {Grant Olney Passmore and
               Paul B. Jackson},
  title     = {Combined Decision Techniques for the Existential Theory
               of the Reals},
  booktitle = {Calculemus/MKM},
  year      = {2009},
  pages     = {122-137},
  ee        = {http://dx.doi.org/10.1007/978-3-642-02614-0_14},
  crossref  = {DBLP:conf/mkm/2009},
  bibsource = {DBLP, http://dblp.uni-trier.de}
}

@proceedings{DBLP:conf/mkm/2009,
  editor    = {Jacques Carette and
               Lucas Dixon and
               Claudio Sacerdoti Coen and
               Stephen M. Watt},
  title     = {Intelligent Computer Mathematics, 16th Symposium, Calculemus
               2009, 8th International Conference, MKM 2009, Held as Part
               of CICM 2009, Grand Bend, Canada, July 6-12, 2009. Proceedings},
  booktitle = {Calculemus/MKM},
  publisher = {Springer},
  series    = {Lecture Notes in Computer Science},
  volume    = {5625},
  year      = {2009},
  isbn      = {978-3-642-02613-3},
  ee        = {http://dx.doi.org/10.1007/978-3-642-02614-0},
  bibsource = {DBLP, http://dblp.uni-trier.de}
}



@article{DBLP:journals/jar/AkbarpourP10,
  author    = {Behzad Akbarpour and
               Lawrence C. Paulson},
  title     = {MetiTarski: An Automatic Theorem Prover for Real-Valued
               Special Functions},
  journal   = {J. Autom. Reasoning},
  volume    = {44},
  number    = {3},
  year      = {2010},
  pages     = {175-205},
  ee        = {http://dx.doi.org/10.1007/s10817-009-9149-2},
  bibsource = {DBLP, http://dblp.uni-trier.de}
}


@book{DBLP:books/daglib/0007403,
  author    = {Edmund M. Clarke and
               Orna Grumberg and
               Doron Peled},
  title     = {Model checking},
  publisher = {MIT Press},
  year      = {2001},
  isbn      = {978-0-262-03270-4},
  pages     = {I-XIV, 1-314},
  bibsource = {DBLP, http://dblp.uni-trier.de}
}

@article{DBLP:journals/lmcs/AvigadF06,
  author    = {Jeremy Avigad and
               Harvey Friedman},
  title     = {Combining decision procedures for the reals},
  journal   = {Logical Methods in Computer Science},
  volume    = {2},
  number    = {4},
  year      = {2006},
  ee        = {http://dx.doi.org/10.2168/LMCS-2(4:4)2006},
  bibsource = {DBLP, http://dblp.uni-trier.de}
}

@inproceedings{DBLP:conf/cp/GoldsztejnMEH10,
  author    = {Alexandre Goldsztejn and
               Olivier Mullier and
               Damien Eveillard and
               Hiroshi Hosobe},
  title     = {Including Ordinary Differential Equations Based Constraints
               in the Standard CP Framework},
  booktitle = {CP},
  year      = {2010},
  pages     = {221-235},
  ee        = {http://dx.doi.org/10.1007/978-3-642-15396-9_20},
  crossref  = {DBLP:conf/cp/2010},
  bibsource = {DBLP, http://dblp.uni-trier.de}
}

@proceedings{DBLP:conf/cp/2010,
  editor    = {David Cohen},
  title     = {Principles and Practice of Constraint Programming - CP 2010
               - 16th International Conference, CP 2010, St. Andrews, Scotland,
               UK, September 6-10, 2010. Proceedings},
  booktitle = {CP},
  publisher = {Springer},
  series    = {Lecture Notes in Computer Science},
  volume    = {6308},
  year      = {2010},
  isbn      = {978-3-642-15395-2},
  ee        = {http://dx.doi.org/10.1007/978-3-642-15396-9},
  bibsource = {DBLP, http://dblp.uni-trier.de}
}

@article{DBLP:journals/sttt/IshiiUH11,
  author    = {Daisuke Ishii and
               Kazunori Ueda and
               Hiroshi Hosobe},
  title     = {An interval-based {SAT} modulo {ODE} solver for model checking
               nonlinear hybrid systems},
  journal   = {STTT},
  volume    = {13},
  number    = {5},
  year      = {2011},
  pages     = {449-461},
  ee        = {http://dx.doi.org/10.1007/s10009-011-0193-y},
  bibsource = {DBLP, http://dblp.uni-trier.de}
}


@inproceedings{DBLP:conf/sefm/EggersRNF11,
  author    = {Andreas Eggers and
               Nacim Ramdani and
               Nedialko Nedialkov and
               Martin Fr{\"a}nzle},
  title     = {Improving SAT Modulo ODE for Hybrid Systems Analysis by
               Combining Different Enclosure Methods},
  booktitle = {SEFM},
  year      = {2011},
  pages     = {172-187},
  ee        = {http://dx.doi.org/10.1007/978-3-642-24690-6_13},
  crossref  = {DBLP:conf/sefm/2011},
  bibsource = {DBLP, http://dblp.uni-trier.de}
}

@proceedings{DBLP:conf/sefm/2011,
  editor    = {Gilles Barthe and
               Alberto Pardo and
               Gerardo Schneider},
  title     = {Software Engineering and Formal Methods - 9th International
               Conference, SEFM 2011, Montevideo, Uruguay, November 14-18,
               2011. Proceedings},
  booktitle = {SEFM},
  publisher = {Springer},
  series    = {Lecture Notes in Computer Science},
  volume    = {7041},
  year      = {2011},
  isbn      = {978-3-642-24689-0},
  ee        = {http://dx.doi.org/10.1007/978-3-642-24690-6},
  bibsource = {DBLP, http://dblp.uni-trier.de}
}


@inproceedings{DBLP:conf/atva/EggersFH08,
  author    = {Andreas Eggers and
               Martin Fr{\"a}nzle and
               Christian Herde},
  title     = {{SAT} Modulo {ODE}: A Direct {SAT} Approach to Hybrid Systems},
  booktitle = {ATVA},
  year      = {2008},
  pages     = {171-185},
  ee        = {http://dx.doi.org/10.1007/978-3-540-88387-6_14},
  bibsource = {DBLP, http://dblp.uni-trier.de}
}


@proceedings{DBLP:conf/atva/2008,
  editor    = {Sung Deok Cha and
               Jin-Young Choi and
               Moonzoo Kim and
               Insup Lee and
               Mahesh Viswanathan},
  title     = {Automated Technology for Verification and Analysis, 6th
               International Symposium, ATVA 2008, Seoul, Korea, October
               20-23, 2008. Proceedings},
  booktitle = {ATVA},
  publisher = {Springer},
  series    = {Lecture Notes in Computer Science},
  volume    = {5311},
  year      = {2008},
  isbn      = {978-3-540-88386-9},
  bibsource = {DBLP, http://dblp.uni-trier.de}
}

@article{DBLP:journals/amc/NedialkovJC99,
  author    = {Nedialko S. Nedialkov and
               Kenneth R. Jackson and
               George F. Corliss},
  title     = {Validated solutions of initial value problems for ordinary
               differential equations},
  journal   = {Applied Mathematics and Computation},
  volume    = {105},
  number    = {1},
  year      = {1999},
  pages     = {21-68},
  ee        = {http://dx.doi.org/10.1016/S0096-3003(98)10083-8},
  bibsource = {DBLP, http://dblp.uni-trier.de}
}

@article{DBLP:journals/synthese/Avigad06,
  author    = {Jeremy Avigad},
  title     = {Mathematical Method and Proof},
  journal   = {Synthese},
  volume    = {153},
  number    = {1},
  year      = {2006},
  pages     = {105-159},
  ee        = {http://dx.doi.org/10.1007/s11229-005-4064-5},
  bibsource = {DBLP, http://dblp.uni-trier.de}
}




@inproceedings{DBLP:conf/atva/EggersFH08,
  author    = {Andreas Eggers and
               Martin Fr{\"a}nzle and
               Christian Herde},
  title     = {SAT Modulo ODE: A Direct SAT Approach to Hybrid Systems},
  booktitle = {ATVA},
  year      = {2008},
  pages     = {171-185},
  ee        = {http://dx.doi.org/10.1007/978-3-540-88387-6_14},
  crossref  = {DBLP:conf/atva/2008},
  bibsource = {DBLP, http://dblp.uni-trier.de}
}

@proceedings{DBLP:conf/atva/2008,
  editor    = {Sung Deok Cha and
               Jin-Young Choi and
               Moonzoo Kim and
               Insup Lee and
               Mahesh Viswanathan},
  title     = {Automated Technology for Verification and Analysis, 6th
               International Symposium, ATVA 2008, Seoul, Korea, October
               20-23, 2008. Proceedings},
  booktitle = {ATVA},
  publisher = {Springer},
  series    = {Lecture Notes in Computer Science},
  volume    = {5311},
  year      = {2008},
  isbn      = {978-3-540-88386-9},
  bibsource = {DBLP, http://dblp.uni-trier.de}
}



@inproceedings{DBLP:conf/sefm/EggersRNF11,
  author    = {Andreas Eggers and
               Nacim Ramdani and
               Nedialko Nedialkov and
               Martin Fr{\"a}nzle},
  title     = {Improving SAT Modulo ODE for Hybrid Systems Analysis by
               Combining Different Enclosure Methods},
  booktitle = {SEFM},
  year      = {2011},
  pages     = {172-187},
  ee        = {http://dx.doi.org/10.1007/978-3-642-24690-6_13},
  crossref  = {DBLP:conf/sefm/2011},
  bibsource = {DBLP, http://dblp.uni-trier.de}
}

@proceedings{DBLP:conf/sefm/2011,
  editor    = {Gilles Barthe and
               Alberto Pardo and
               Gerardo Schneider},
  title     = {Software Engineering and Formal Methods - 9th International
               Conference, SEFM 2011, Montevideo, Uruguay, November 14-18,
               2011. Proceedings},
  booktitle = {SEFM},
  publisher = {Springer},
  series    = {Lecture Notes in Computer Science},
  volume    = {7041},
  year      = {2011},
  isbn      = {978-3-642-24689-0},
  ee        = {http://dx.doi.org/10.1007/978-3-642-24690-6},
  bibsource = {DBLP, http://dblp.uni-trier.de}
}

@inproceedings{phold,
author = {Larry Stockmeyer},
title = {The Polynomial-time Hierarchy},
booktitle = {Theoretical Computer Science},
year = {1977},
}



@inproceedings{DBLP:conf/lics/Henzinger96,
  author    = {Thomas A. Henzinger},
  title     = {The Theory of Hybrid Automata},
  booktitle = {LICS},
  year      = {1996},
  pages     = {278-292},
  bibsource = {DBLP, http://dblp.uni-trier.de}
}


@inproceedings{vasco,
   author = {Brattka, Vasco and Hertling, Peter and Weihrauch, Klaus},
   affiliation = {University of Cape Town Department of Mathematics and Applied Mathematics 7701 Rondebosch South Africa},
   title = {A Tutorial on Computable Analysis},
   booktitle = {New Computational Paradigms},
   editor = {Cooper, S. Barry and L\"owe, Benedikt and Sorbi, Andrea},
   publisher = {Springer New York},
   keyword = {Computer Science},
   pages = {425-491},
   year = {2008}
}

@inproceedings{DBLP:conf/csl/Franzle99,
  author    = {Martin Fr{\"a}nzle},
  title     = {Analysis of Hybrid Systems: An Ounce of Realism Can Save
               an Infinity of States},
  booktitle = {CSL},
  year      = {1999},
  pages     = {126-140},
  ee        = {http://dx.doi.org/10.1007/3-540-48168-0_10},
  crossref  = {DBLP:conf/csl/1999},
  bibsource = {DBLP, http://dblp.uni-trier.de}
}

@proceedings{DBLP:conf/csl/1999,
  editor    = {J{\"o}rg Flum and
               Mario Rodr\'{\i}guez-Artalejo},
  title     = {Computer Science Logic, 13th International Workshop, CSL
               '99, 8th Annual Conference of the EACSL, Madrid, Spain,
               September 20-25, 1999, Proceedings},
  booktitle = {CSL},
  publisher = {Springer},
  series    = {Lecture Notes in Computer Science},
  volume    = {1683},
  year      = {1999},
  isbn      = {3-540-66536-6},
  bibsource = {DBLP, http://dblp.uni-trier.de}
}
@inproceedings{DBLP:conf/nips/AckermanBL10,
  author    = {Margareta Ackerman and
               Shai Ben-David and
               David Loker},
  title     = {Towards Property-Based Classification of Clustering Paradigms},
  booktitle = {NIPS},
  year      = {2010},
  pages     = {10-18},
  ee        = {http://books.nips.cc/papers/files/nips23/NIPS2010_1307.pdf},
  crossref  = {DBLP:conf/nips/2010},
  bibsource = {DBLP, http://dblp.uni-trier.de}
}

@proceedings{DBLP:conf/nips/2010,
  editor    = {John D. Lafferty and
               Christopher K. I. Williams and
               John Shawe-Taylor and
               Richard S. Zemel and
               Aron Culotta},
  title     = {Advances in Neural Information Processing Systems 23: 24th
               Annual Conference on Neural Information Processing Systems
               2010. Proceedings of a meeting held 6-9 December 2010, Vancouver,
               British Columbia, Canada},
  booktitle = {NIPS},
  publisher = {Curran Associates, Inc.},
  year      = {2010},
  bibsource = {DBLP, http://dblp.uni-trier.de}
}

@article{DBLP:journals/jmlr/AckermanB09,
  author    = {Margareta Ackerman and
               Shai Ben-David},
  title     = {Clusterability: A Theoretical Study},
  journal   = {Journal of Machine Learning Research - Proceedings Track},
  volume    = {5},
  year      = {2009},
  pages     = {1-8},
  ee        = {http://www.jmlr.org/proceedings/papers/v5/ackerman09a.html},
  bibsource = {DBLP, http://dblp.uni-trier.de}
}



@inproceedings{DBLP:conf/lics/AsarinB01,
  author    = {Eugene Asarin and
               Ahmed Bouajjani},
  title     = {Perturbed Turing Machines and Hybrid Systems},
  booktitle = {LICS},
  year      = {2001},
  pages     = {269-278},
  bibsource = {DBLP, http://dblp.uni-trier.de}
}



@inproceedings{DBLP:conf/icalp/AsarinC05,
  author    = {Eugene Asarin and
               Pieter Collins},
  title     = {Noisy Turing Machines},
  booktitle = {ICALP},
  year      = {2005},
  pages     = {1031-1042},
  ee        = {http://dx.doi.org/10.1007/11523468_83},
  crossref  = {DBLP:conf/icalp/2005},
  bibsource = {DBLP, http://dblp.uni-trier.de}
}

@proceedings{DBLP:conf/icalp/2005,
  editor    = {Lu\'{\i}s Caires and
               Giuseppe F. Italiano and
               Lu\'{\i}s Monteiro and
               Catuscia Palamidessi and
               Moti Yung},
  title     = {Automata, Languages and Programming, 32nd International
               Colloquium, ICALP 2005, Lisbon, Portugal, July 11-15, 2005,
               Proceedings},
  booktitle = {ICALP},
  publisher = {Springer},
  series    = {Lecture Notes in Computer Science},
  volume    = {3580},
  year      = {2005},
  isbn      = {3-540-27580-0},
  bibsource = {DBLP, http://dblp.uni-trier.de}
}




@inproceedings{DBLP:conf/mfcs/FranekRZ11,
  author    = {Peter Franek and
               Stefan Ratschan and
               Piotr Zgliczynski},
  title     = {Satisfiability of Systems of Equations of Real Analytic
               Functions Is Quasi-decidable},
  booktitle = {MFCS},
  year      = {2011},
  pages     = {315-326},
  ee        = {http://dx.doi.org/10.1007/978-3-642-22993-0_30},
  crossref  = {DBLP:conf/mfcs/2011},
  bibsource = {DBLP, http://dblp.uni-trier.de}
}

@proceedings{DBLP:conf/mfcs/2011,
  editor    = {Filip Murlak and
               Piotr Sankowski},
  title     = {Mathematical Foundations of Computer Science 2011 - 36th
               International Symposium, MFCS 2011, Warsaw, Poland, August
               22-26, 2011. Proceedings},
  booktitle = {MFCS},
  publisher = {Springer},
  series    = {Lecture Notes in Computer Science},
  volume    = {6907},
  year      = {2011},
  isbn      = {978-3-642-22992-3},
  ee        = {http://dx.doi.org/10.1007/978-3-642-22993-0},
  bibsource = {DBLP, http://dblp.uni-trier.de}
}



@article{DBLP:journals/fmsd/ClarkeBRZ01,
  author    = {Edmund M. Clarke and
               Armin Biere and
               Richard Raimi and
               Yunshan Zhu},
  title     = {Bounded Model Checking Using Satisfiability Solving},
  journal   = {Formal Methods in System Design},
  volume    = {19},
  number    = {1},
  year      = {2001},
  pages     = {7-34},
  ee        = {http://dx.doi.org/10.1023/A:1011276507260},
  bibsource = {DBLP, http://dblp.uni-trier.de}
}

@inproceedings{DBLP:conf/dagstuhl/Hales05,
  author    = {Thomas C. Hales},
  title     = {Introduction to the Flyspeck Project},
  booktitle = {Mathematics, Algorithms, Proofs},
  year      = {2005},
  ee        = {http://drops.dagstuhl.de/opus/volltexte/2006/432},
  crossref  = {DBLP:conf/dagstuhl/2005P5021},
  bibsource = {DBLP, http://dblp.uni-trier.de}
}

@proceedings{DBLP:conf/dagstuhl/2005P5021,
  editor    = {Thierry Coquand and
               Henri Lombardi and
               Marie-Fran\c{c}oise Roy},
  title     = {Mathematics, Algorithms, Proofs, 9.-14. January 2005},
  booktitle = {Mathematics, Algorithms, Proofs},
  publisher = {Internationales Begegnungs- und Forschungszentrum f{\"u}r
               Informatik (IBFI), Schloss Dagstuhl, Germany},
  series    = {Dagstuhl Seminar Proceedings},
  volume    = {05021},
  year      = {2006},
  bibsource = {DBLP, http://dblp.uni-trier.de}
}


@inproceedings{DBLP:conf/dagstuhl/Hales05,
  author    = {Thomas C. Hales},
  title     = {Introduction to the Flyspeck Project},
  booktitle = {Mathematics, Algorithms, Proofs},
  year      = {2005},
  ee        = {http://drops.dagstuhl.de/opus/volltexte/2006/432},
  bibsource = {DBLP, http://dblp.uni-trier.de}
}

@proceedings{DBLP:conf/dagstuhl/2005P5021,
  editor    = {Thierry Coquand and
               Henri Lombardi and
               Marie-Fran\c{c}oise Roy},
  title     = {Mathematics, Algorithms, Proofs, 9.-14. January 2005},
  booktitle = {Mathematics, Algorithms, Proofs},
  publisher = {Internationales Begegnungs- und Forschungszentrum f{\"u}r
               Informatik (IBFI), Schloss Dagstuhl, Germany},
  series    = {Dagstuhl Seminar Proceedings},
  volume    = {05021},
  year      = {2006},
  bibsource = {DBLP, http://dblp.uni-trier.de}
}


@article{DBLP:journals/dcg/HalesHMNOZ10,
  author    = {Thomas C. Hales and
               John Harrison and
               Sean McLaughlin and
               Tobias Nipkow and
               Steven Obua and
               Roland Zumkeller},
  title     = {A Revision of the Proof of the Kepler Conjecture},
  journal   = {Discrete {\&} Computational Geometry},
  volume    = {44},
  number    = {1},
  year      = {2010},
  pages     = {1-34},
  ee        = {http://dx.doi.org/10.1007/s00454-009-9148-4},
  bibsource = {DBLP, http://dblp.uni-trier.de}
}

@book{kobook,
	author = {Ker-I. Ko},
	title = {Complexity Theory of Real Functions},
	publisher = {BirkHauser},
	year = {1991}
}

@article{Laczkovich02theremoval,
    author = {M Laczkovich},
    title = {THE REMOVAL OF π FROM SOME UNDECIDABLE PROBLEMS INVOLVING ELEMENTARY FUNCTIONS},
    journal = {Proceedings of the American Mathematical Society},
    volume = {131},
    pages = {2235-2240},
    year = {2002}
}
@INPROCEEDINGS{Gra05robustsimulations,
    author = {Daniel S. Graca and Manuel L. Campagnolo and Jorge Buescu},
    title = {Robust simulations of Turing machines with analytic maps and flows},
    booktitle = {CiE 2005: New Computational Paradigms, LNCS 3526},
    year = {2005},
    pages = {169--179},
    publisher = {Springer}
}

@article{KoF82,
  author    = {Ker-I Ko and
               Harvey Friedman},
  title     = {Computational Complexity of Real Functions},
  journal   = {Theor. Comput. Sci.},
  volume    = {20},
  year      = {1982},
  pages     = {323-352},
  ee        = {http://dx.doi.org/10.1016/S0304-3975(82)80003-0},
  bibsource = {DBLP, http://dblp.uni-trier.de}
}

@article{Ko92,
  author    = {Ker-I Ko},
  title     = {On the Computational Complexity of Integral Equations},
  journal   = {Ann. Pure Appl. Logic},
  volume    = {58},
  number    = {3},
  year      = {1992},
  pages     = {201-228},
  ee        = {http://dx.doi.org/10.1016/0168-0072(92)90028-X},
  bibsource = {DBLP, http://dblp.uni-trier.de}
}

@article{Richardson68,
  author    = {Daniel Richardson},
  title     = {Some Undecidable Problems Involving Elementary Functions
               of a Real Variable},
  journal   = {J. Symb. Log.},
  volume    = {33},
  number    = {4},
  year      = {1968},
  pages     = {514-520},
  bibsource = {DBLP, http://dblp.uni-trier.de}
}

@BOOK{arora09,  
AUTHOR    = "S. Arora and B. Barak",
TITLE     = "Complexity Theory: A Modern Approach",
PUBLISHER = cup,
YEAR      = 2009,
}


@article{DBLP:journals/jsc/Ratschan02,
  author    = {Stefan Ratschan},
  title     = {Quantified Constraints Under Perturbation},
  journal   = {J. Symb. Comput.},
  volume    = {33},
  number    = {4},
  year      = {2002},
  pages     = {493-505},
  ee        = {http://dx.doi.org/10.1006/jsco.2001.0519},
  bibsource = {DBLP, http://dblp.uni-trier.de}
}




@inproceedings{Kawamura09,
  author    = {Akitoshi Kawamura},
  title     = {Lipschitz Continuous Ordinary Differential Equations are
               Polynomial-Space Complete},
  booktitle = {IEEE Conference on Computational Complexity},
  year      = {2009},
  pages     = {149-160},
  ee        = {http://doi.ieeecomputersociety.org/10.1109/CCC.2009.34},
  crossref  = {DBLP:conf/coco/2009},
  bibsource = {DBLP, http://dblp.uni-trier.de}
}

@proceedings{DBLP:conf/coco/2009,
  title     = {Proceedings of the 24th Annual IEEE Conference on Computational
               Complexity, CCC 2009, Paris, France, 15-18 July 2009},
  booktitle = {IEEE Conference on Computational Complexity},
  publisher = {IEEE Computer Society},
  year      = {2009},
  isbn      = {978-0-7695-3717-7},
  bibsource = {DBLP, http://dblp.uni-trier.de}
}


@misc{qeappl,
author = {Stephen Ratschan},
title = {Applications of Quantified Constraint Solving over the Reals
Bibliography},
note = {http://www2.cs.cas.cz/~ratschan/appqcs.html},

}


@misc{bug,
author = {Soonho Kong and Sicun Gao and Edmund Clarke},
title = {Report on a bug of the exponential function in the Standard C Library},
year = {2013}
}

@misc{cadeextended,
author = {Sicun Gao and Jeremy Avigad and Edmund Clarke},
title = {$\delta$-{D}ecision Procedures for Satisfiability over the Reals},
note = {Extended version. {\tt http://www.cs.cmu.edu/$\sim$sicung}}
}

@misc{cade2013extended,
author = {Sicun Gao and Soonho Kong and Micheal Wang and Edmund Clarke},
title = {Extracting Proofs from a Numerically-Driven Decision Procedure},
note = {CMU SCS Technical Report CMU-CS-13-104},
year = {2013}
}


@misc{gaoextended,
author = {Sicun Gao and Jeremy Avigad and Edmund Clarke},
title = {$\delta$-Decidability over the Reals},
note = {Extended version at http://www.cs.cmu.edu/$\sim$sicung}
}

@misc{keplerthesis,
author = {Alexey Solovyev},
title = {Formal Computations and Methods},
note = {PhD Thesis, University of Pittsburgh, 2012}

}

@misc{gaoextended2,
author = {Sicun Gao and Jeremy Avigad and Edmund Clarke},
title = {$\delta$-{D}ecidability over the Reals},
note = {{\tt http://www.cs.cmu.edu/$\sim$sicung}}
}




@book{CAbook,
author = {Klaus Weihrauch},
title = {Computable Analysis: An Introduction},
year = {2000},
}


@article{DBLP:journals/ijfcs/FehnkerK06,
  author    = {Ansgar Fehnker and
               Bruce H. Krogh},
  title     = {Hybrid System Verification Is not a Sinecure - the Electronic
               Throttle Control Case Study},
  journal   = {Int. J. Found. Comput. Sci.},
  volume    = {17},
  number    = {4},
  year      = {2006},
  pages     = {885-902},
  ee        = {http://dx.doi.org/10.1142/S0129054106004169},
  bibsource = {DBLP, http://dblp.uni-trier.de}
}

@inproceedings{DBLP:conf/cav/AsarinDM02,
  author    = {Eugene Asarin and
               Thao Dang and
               Oded Maler},
  title     = {The d/dt Tool for Verification of Hybrid Systems},
  booktitle = {CAV},
  year      = {2002},
  pages     = {365-370},
  ee        = {http://link.springer.de/link/service/series/0558/bibs/2404/24040365.htm},
  crossref  = {DBLP:conf/cav/2002},
  bibsource = {DBLP, http://dblp.uni-trier.de}
}

@proceedings{DBLP:conf/cav/2002,
  editor    = {Ed Brinksma and
               Kim Guldstrand Larsen},
  title     = {Computer Aided Verification, 14th International Conference,
               CAV 2002,Copenhagen, Denmark, July 27-31, 2002, Proceedings},
  booktitle = {CAV},
  publisher = {Springer},
  series    = {Lecture Notes in Computer Science},
  volume    = {2404},
  year      = {2002},
  isbn      = {3-540-43997-8},
  bibsource = {DBLP, http://dblp.uni-trier.de}
}

@inproceedings{DBLP:conf/hybrid/Frehse05,
  author    = {Goran Frehse},
  title     = {PHAVer: Algorithmic Verification of Hybrid Systems Past
               HyTech},
  booktitle = {HSCC},
  year      = {2005},
  pages     = {258-273},
  ee        = {http://springerlink.metapress.com/openurl.asp?genre=article{\&}issn=0302-9743{\&}volume=3414{\&}spage=258},
  crossref  = {DBLP:conf/hybrid/2005},
  bibsource = {DBLP, http://dblp.uni-trier.de}
}

@proceedings{DBLP:conf/hybrid/2005,
  editor    = {Manfred Morari and
               Lothar Thiele},
  title     = {Hybrid Systems: Computation and Control, 8th International
               Workshop, HSCC 2005, Zurich, Switzerland, March 9-11, 2005,
               Proceedings},
  booktitle = {HSCC},
  publisher = {Springer},
  series    = {Lecture Notes in Computer Science},
  volume    = {3414},
  year      = {2005},
  isbn      = {3-540-25108-1},
  bibsource = {DBLP, http://dblp.uni-trier.de}
}

@inproceedings{DBLP:conf/hybrid/ChutinanK99,
  author    = {Alongkrit Chutinan and
               Bruce H. Krogh},
  title     = {Verification of Polyhedral-Invariant Hybrid Automata Using
               Polygonal Flow Pipe Approximations},
  booktitle = {HSCC},
  year      = {1999},
  pages     = {76-90},
  ee        = {http://link.springer.de/link/service/series/0558/bibs/1569/15690076.htm},
  crossref  = {DBLP:conf/hybrid/1999},
  bibsource = {DBLP, http://dblp.uni-trier.de}
}

@proceedings{DBLP:conf/hybrid/1999,
  editor    = {Frits W. Vaandrager and
               Jan H. van Schuppen},
  title     = {Hybrid Systems: Computation and Control, Second International
               Workshop, HSCC'99, Berg en Dal, The Netherlands, March 29-31,
               1999, Proceedings},
  booktitle = {HSCC},
  publisher = {Springer},
  series    = {Lecture Notes in Computer Science},
  volume    = {1569},
  year      = {1999},
  isbn      = {3-540-65734-7},
  bibsource = {DBLP, http://dblp.uni-trier.de}
}
@inproceedings{DBLP:conf/cav/HenzingerHW97,
  author    = {Thomas A. Henzinger and
               Pei-Hsin Ho and
               Howard Wong-Toi},
  title     = {HYTECH: A Model Checker for Hybrid Systems},
  booktitle = {CAV},
  year      = {1997},
  pages     = {460-463},
  ee        = {http://dx.doi.org/10.1007/3-540-63166-6_48},
  crossref  = {DBLP:conf/cav/1997},
  bibsource = {DBLP, http://dblp.uni-trier.de}
}

@proceedings{DBLP:conf/cav/1997,
  editor    = {Orna Grumberg},
  title     = {Computer Aided Verification, 9th International Conference,
               CAV '97, Haifa, Israel, June 22-25, 1997, Proceedings},
  booktitle = {CAV},
  publisher = {Springer},
  series    = {Lecture Notes in Computer Science},
  volume    = {1254},
  year      = {1997},
  isbn      = {3-540-63166-6},
  bibsource = {DBLP, http://dblp.uni-trier.de}
}

@inproceedings{DBLP:conf/cp/BenhamouG00,
  author    = {Fr{\'e}d{\'e}ric Benhamou and
               Fr{\'e}d{\'e}ric Goualard},
  title     = {Universally Quantified Interval Constraints},
  booktitle = {CP},
  year      = {2000},
  pages     = {67-82},
  ee        = {http://link.springer.de/link/service/series/0558/bibs/1894/18940067.htm},
  crossref  = {DBLP:conf/cp/2000},
  bibsource = {DBLP, http://dblp.uni-trier.de}
}

@proceedings{DBLP:conf/cp/2000,
  editor    = {Rina Dechter},
  title     = {Principles and Practice of Constraint Programming - CP 2000,
               6th International Conference, Singapore, September 18-21,
               2000, Proceedings},
  booktitle = {CP},
  publisher = {Springer},
  series    = {Lecture Notes in Computer Science},
  volume    = {1894},
  year      = {2000},
  isbn      = {3-540-41053-8},
  bibsource = {DBLP, http://dblp.uni-trier.de}
}

@inproceedings{DBLP:conf/formats/WulfDMR04,
  author    = {Martin De Wulf and
               Laurent Doyen and
               Nicolas Markey and
               Jean-Fran\c{c}ois Raskin},
  title     = {Robustness and Implementability of Timed Automata},
  booktitle = {FORMATS/FTRTFT},
  year      = {2004},
  pages     = {118-133},
  ee        = {http://springerlink.metapress.com/openurl.asp?genre=article{\&}issn=0302-9743{\&}volume=3253{\&}spage=118},
  crossref  = {DBLP:conf/formats/2004},
  bibsource = {DBLP, http://dblp.uni-trier.de}
}

@proceedings{DBLP:conf/formats/2004,
  editor    = {Yassine Lakhnech and
               Sergio Yovine},
  title     = {Formal Techniques, Modelling and Analysis of Timed and Fault-Tolerant
               Systems, Joint International Conferences on Formal Modelling
               and Analysis of Timed Systems, FORMATS 2004 and Formal Techniques
               in Real-Time and Fault-Tolerant Systems, FTRTFT 2004, Grenoble,
               France, September 22-24, 2004, Proceedings},
  booktitle = {FORMATS/FTRTFT},
  publisher = {Springer},
  series    = {Lecture Notes in Computer Science},
  volume    = {3253},
  year      = {2004},
  isbn      = {3-540-23167-6},
  bibsource = {DBLP, http://dblp.uni-trier.de}
}

@article{DBLP:journals/tcs/HaghverdiTP05,
  author    = {Esfandiar Haghverdi and
               Paulo Tabuada and
               George J. Pappas},
  title     = {Bisimulation relations for dynamical, control, and hybrid
               systems},
  journal   = {Theor. Comput. Sci.},
  volume    = {342},
  number    = {2-3},
  year      = {2005},
  pages     = {229-261},
  ee        = {http://dx.doi.org/10.1016/j.tcs.2005.03.045},
  bibsource = {DBLP, http://dblp.uni-trier.de}
}

@inproceedings{DBLP:conf/cav/GulwaniT08,
  author    = {Sumit Gulwani and
               Ashish Tiwari},
  title     = {Constraint-Based Approach for Analysis of Hybrid Systems},
  booktitle = {CAV},
  year      = {2008},
  pages     = {190-203},
  ee        = {http://dx.doi.org/10.1007/978-3-540-70545-1_18},
  crossref  = {DBLP:conf/cav/2008},
  bibsource = {DBLP, http://dblp.uni-trier.de}
}

@proceedings{DBLP:conf/cav/2008,
  editor    = {Aarti Gupta and
               Sharad Malik},
  title     = {Computer Aided Verification, 20th International Conference,
               CAV 2008, Princeton, NJ, USA, July 7-14, 2008, Proceedings},
  booktitle = {CAV},
  publisher = {Springer},
  series    = {Lecture Notes in Computer Science},
  volume    = {5123},
  year      = {2008},
  isbn      = {978-3-540-70543-7},
  bibsource = {DBLP, http://dblp.uni-trier.de}
}
@article{Jackson2002269,
title = "Some recent advances in validated methods for IVPs for ODEs",
journal = "Applied Numerical Mathematics",
volume = "42",
number = "1-3",
pages = "269 - 284",
year = "2002",
note = "Numerical Solution of Differential and Differential-Algebraic Equations, 4-9 September 2000, Halle, Germany",
issn = "0168-9274",
doi = "DOI: 10.1016/S0168-9274(01)00155-6",
url = "http://www.sciencedirect.com/science/article/B6TYD-44P6VTX-2/2/60316e5a7e2aa632fc676b7d0950338e",
author = "Kenneth R. Jackson and Nedialko S. Nedialkov",
keywords = "Validated methods",
keywords = "Interval methods",
keywords = "Initial value problems",
keywords = "Ordinary differential equations",
keywords = "Taylor series",
keywords = "Stability",
keywords = "Wrapping effect",
keywords = "Simultaneous iteration",
keywords = "QR algorithm"
}

@article{DBLP:journals/amc/NedialkovJC99,
  author    = {Nedialko S. Nedialkov and
               Kenneth R. Jackson and
               George F. Corliss},
  title     = {Validated solutions of initial value problems for ordinary
               differential equations},
  journal   = {Applied Mathematics and Computation},
  volume    = {105},
  number    = {1},
  year      = {1999},
  pages     = {21-68},
  ee        = {http://dx.doi.org/10.1016/S0096-3003(98)10083-8},
  bibsource = {DBLP, http://dblp.uni-trier.de}
}



@inproceedings{DBLP:conf/fsttcs/TalyT09,
  author    = {Ankur Taly and
               Ashish Tiwari},
  title     = {Deductive Verification of Continuous Dynamical Systems},
  booktitle = {FSTTCS},
  year      = {2009},
  pages     = {383-394},
  ee        = {http://dx.doi.org/10.4230/LIPIcs.FSTTCS.2009.2334},
  crossref  = {DBLP:conf/fsttcs/2009},
  bibsource = {DBLP, http://dblp.uni-trier.de}
}

@proceedings{DBLP:conf/fsttcs/2009,
  editor    = {Ravi Kannan and
               K. Narayan Kumar},
  title     = {IARCS Annual Conference on Foundations of Software Technology
               and Theoretical Computer Science, FSTTCS 2009, December
               15-17, 2009, IIT Kanpur, India},
  booktitle = {FSTTCS},
  publisher = {Schloss Dagstuhl - Leibniz-Zentrum fuer Informatik},
  series    = {LIPIcs},
  volume    = {4},
  year      = {2009},
  isbn      = {978-3-939897-13-2},
  bibsource = {DBLP, http://dblp.uni-trier.de}
}


@inproceedings{DBLP:conf/cav/PlatzerC08,
  author    = {Andr{\'e} Platzer and
               Edmund M. Clarke},
  title     = {Computing Differential Invariants of Hybrid Systems as Fixedpoints},
  booktitle = {CAV},
  year      = {2008},
  pages     = {176-189},
  ee        = {http://dx.doi.org/10.1007/978-3-540-70545-1_17},
  crossref  = {DBLP:conf/cav/2008},
  bibsource = {DBLP, http://dblp.uni-trier.de}
}

@proceedings{DBLP:conf/cav/2008,
  editor    = {Aarti Gupta and
               Sharad Malik},
  title     = {Computer Aided Verification, 20th International Conference,
               CAV 2008, Princeton, NJ, USA, July 7-14, 2008, Proceedings},
  booktitle = {CAV},
  publisher = {Springer},
  series    = {Lecture Notes in Computer Science},
  volume    = {5123},
  year      = {2008},
  isbn      = {978-3-540-70543-7},
  bibsource = {DBLP, http://dblp.uni-trier.de}
}

@inproceedings{DBLP:conf/atva/EggersFH08,
  author    = {Andreas Eggers and
               Martin Fr{\"a}nzle and
               Christian Herde},
  title     = {SAT Modulo ODE: A Direct SAT Approach to Hybrid Systems},
  booktitle = {ATVA},
  year      = {2008},
  pages     = {171-185},
  ee        = {http://dx.doi.org/10.1007/978-3-540-88387-6_14},
  crossref  = {DBLP:conf/atva/2008},
  bibsource = {DBLP, http://dblp.uni-trier.de}
}

@proceedings{DBLP:conf/atva/2008,
  editor    = {Sung Deok Cha and
               Jin-Young Choi and
               Moonzoo Kim and
               Insup Lee and
               Mahesh Viswanathan},
  title     = {Automated Technology for Verification and Analysis, 6th
               International Symposium, ATVA 2008, Seoul, Korea, October
               20-23, 2008. Proceedings},
  booktitle = {ATVA},
  publisher = {Springer},
  series    = {Lecture Notes in Computer Science},
  volume    = {5311},
  year      = {2008},
  isbn      = {978-3-540-88386-9},
  bibsource = {DBLP, http://dblp.uni-trier.de}
}
@book{durationbook,
author = {Zhou, Chaochen and Hansen, Michael R.},
title = {Duration Calculus: A Formal Approach to Real-Time Systems},
year = {2004},
publisher = {Springer}
}

@inproceedings{DBLP:conf/fm/PlatzerC09,
  author    = {Andr{\'e} Platzer and
               Edmund M. Clarke},
  title     = {Formal Verification of Curved Flight Collision Avoidance
               Maneuvers: A Case Study},
  booktitle = {FM},
  year      = {2009},
  pages     = {547-562},
  ee        = {http://dx.doi.org/10.1007/978-3-642-05089-3_35},
  crossref  = {DBLP:conf/fm/2009},
  bibsource = {DBLP, http://dblp.uni-trier.de}
}

@proceedings{DBLP:conf/fm/2009,
  editor    = {Ana Cavalcanti and
               Dennis Dams},
  title     = {FM 2009: Formal Methods, Second World Congress, Eindhoven,
               The Netherlands, November 2-6, 2009. Proceedings},
  booktitle = {FM},
  publisher = {Springer},
  series    = {Lecture Notes in Computer Science},
  volume    = {5850},
  year      = {2009},
  isbn      = {978-3-642-05088-6},
  ee        = {http://dx.doi.org/10.1007/978-3-642-05089-3},
  bibsource = {DBLP, http://dblp.uni-trier.de}
}

@article{DBLP:journals/logcom/Platzer10,
  author    = {Andr{\'e} Platzer},
  title     = {Differential-algebraic Dynamic Logic for Differential-algebraic
               Programs},
  journal   = {J. Log. Comput.},
  volume    = {20},
  number    = {1},
  year      = {2010},
  pages     = {309-352},
  ee        = {http://dx.doi.org/10.1093/logcom/exn070},
  bibsource = {DBLP, http://dblp.uni-trier.de}
}

@article{DBLP:journals/ki/Platzer10,
  author    = {Andr{\'e} Platzer},
  title     = {Differential Dynamic Logics},
  journal   = {KI},
  volume    = {24},
  number    = {1},
  year      = {2010},
  pages     = {75-77},
  ee        = {http://dx.doi.org/10.1007/s13218-010-0014-6},
  bibsource = {DBLP, http://dblp.uni-trier.de}
}

@article{floyd061,
    author = {Floyd, R. W.},
    citeulike-article-id = {5946445},
    journal = {Mathematical aspects of computer science},
    keywords = {1743c, 1967, mathematical},
    number = {19-32},
    pages = {1},
    posted-at = {2009-10-15 22:07:24},
    priority = {2},
    title = {{Assigning meanings to programs}},
    volume = {19},
    year = {1967}
}

@inproceedings{Dubrova:2010:FAS:1828425.1828962,
 author = {Dubrova, Elena and Teslenko, Maxim and Ming, Liu},
 title = {Finding Attractors in Synchronous Multiple-Valued Networks Using SAT-Based Bounded Model Checking},
 booktitle = {Proceedings of the 2010 40th IEEE International Symposium on Multiple-Valued Logic},
 series = {ISMVL '10},
 year = {2010},
 isbn = {978-0-7695-4024-5},
 pages = {144--149},
 numpages = {6},
 url = {http://dx.doi.org/10.1109/ISMVL.2010.35},
 doi = {http://dx.doi.org/10.1109/ISMVL.2010.35},
 acmid = {1828962},
 publisher = {IEEE Computer Society},
 address = {Washington, DC, USA},
 keywords = {bounded model checking, SAT, multiple-valued network, attractor, gene regulatory network},
}

@inproceedings{DBLP:conf/biocomp/Tran09,
  author    = {Quoc-Nam Tran},
  title     = {An Algebraic Approach in Model Checking for Boolean Networks
               in Bioinformatics},
  booktitle = {BIOCOMP},
  year      = {2009},
  pages     = {639-645},
  crossref  = {DBLP:conf/biocomp/2009},
  bibsource = {DBLP, http://dblp.uni-trier.de}
}

@proceedings{DBLP:conf/biocomp/2009,
  editor    = {Hamid R. Arabnia and
               Mary Qu Yang},
  title     = {International Conference on Bioinformatics {\&} Computational
               Biology, BIOCOMP 2009, July 13-16, 2009, Las Vegas Nevada,
               USA, 2 Volumes},
  booktitle = {BIOCOMP},
  publisher = {CSREA Press},
  year      = {2009},
  isbn      = {1-60132-095-7},
  bibsource = {DBLP, http://dblp.uni-trier.de}
}

@article{Wuensche98,
    abstract = {{A key notion in the study of network  dynamics is that state-space is connected into basins of attraction . Convergence in attractor  basins correlates with order -complexity -chaos  measures on space-time patterns. A network's ``memory'', its ability to categorize, is provided by the configuration of its separate basins, trees and sub-trees. Based on computer simulations using the software Discrete Dynamics Lab [19],  this paper provides an overview of recent work describing some of the issues, methods, measures, results, applications and conjectures.}},
    author = {Wuensch, Andrew},
    citeulike-article-id = {5874288},
    citeulike-linkout-0 = {http://www.complexity.org.au/ci/vol06/wuensche/wuensche.html},
    issn = {1320-0682},
    journal = {Complexity International},
    keywords = {attractor\_basins},
    posted-at = {2009-10-02 07:49:23},
    priority = {0},
    title = {{Discrete Dynamical Networks and their Attractor Basins}},
    url = {http://www.complexity.org.au/ci/vol06/wuensche/wuensche.html},
    volume = {6},
    year = {1998}
}

@article{Laubenbacher_and_Stigler_2004,
    author = {Laubenbacher, R. and Stigler, B.},
    citeulike-article-id = {1377995},
    journal = {J Theor Biol},
    keywords = {bibtex-import},
    month = {Aug},
    number = {4},
    pages = {523--537},
    posted-at = {2007-06-11 04:15:43},
    priority = {2},
    title = {{{A} computational algebra approach to the reverse engineering of gene regulatory networks}},
    volume = {229},
    year = {2004}
}

@article{DBLP:journals/bioinformatics/Veliz-CubaJL10,
  author    = {Alan Veliz-Cuba and
               Abdul Salam Jarrah and
               Reinhard C. Laubenbacher},
  title     = {Polynomial algebra of discrete models in systems biology},
  journal   = {Bioinformatics},
  volume    = {26},
  number    = {13},
  year      = {2010},
  pages     = {1637-1643},
  ee        = {http://dx.doi.org/10.1093/bioinformatics/btq240},
  bibsource = {DBLP, http://dblp.uni-trier.de}
}

@book{Baier:2008:PMC:1373322,
 author = {Baier, Christel and Katoen, Joost-Pieter},
 title = {Principles of Model Checking (Representation and Mind Series)},
 year = {2008},
 isbn = {026202649X, 9780262026499},
 publisher = {The MIT Press},
}

@inproceedings{DBLP:conf/rex/AlurD91,
  author    = {Rajeev Alur and
               David L. Dill},
  title     = {The Theory of Timed Automata},
  booktitle = {REX Workshop},
  year      = {1991},
  pages     = {45-73},
  ee        = {http://dx.doi.org/10.1007/BFb0031987},
  crossref  = {DBLP:conf/rex/1991},
  bibsource = {DBLP, http://dblp.uni-trier.de}
}

@proceedings{DBLP:conf/rex/1991,
  editor    = {J. W. de Bakker and
               Cornelis Huizing and
               Willem P. de Roever and
               Grzegorz Rozenberg},
  title     = {Real-Time: Theory in Practice, REX Workshop, Mook, The Netherlands,
               June 3-7, 1991, Proceedings},
  booktitle = {REX Workshop},
  publisher = {Springer},
  series    = {Lecture Notes in Computer Science},
  volume    = {600},
  year      = {1992},
  isbn      = {3-540-55564-1},
  bibsource = {DBLP, http://dblp.uni-trier.de}
}

@inproceedings{DBLP:conf/fmcad/Gao10,
  author    = {Sicun Gao and 
  Malay Ganai and Franjo Ivancic and Aarti Gupta and Sriram Sankaranarayanan and Edmund Clarke},
  title     = {Integrating {ICP} and {LRA} Solvers for Deciding Nonlinear Real Arithmetic},
  booktitle = {FMCAD},
  year      = {2010},
  }


@inproceedings{DBLP:conf/cav/ClarkeGJLV00,
  author    = {Edmund M. Clarke and
               Orna Grumberg and
               Somesh Jha and
               Yuan Lu and
               Helmut Veith},
  title     = {Counterexample-Guided Abstraction Refinement},
  booktitle = {CAV},
  year      = {2000},
  pages     = {154-169},
  crossref  = {DBLP:conf/cav/2000},
  bibsource = {DBLP, http://dblp.uni-trier.de}
}
@inproceedings{DBLP:conf/fmcad/ChauhanCKSVW02,
  author    = {Pankaj Chauhan and
               Edmund M. Clarke and
               James H. Kukula and
               Samir Sapra and
               Helmut Veith and
               Dong Wang},
  title     = {Automated Abstraction Refinement for Model Checking Large
               State Spaces Using SAT Based Conflict Analysis},
  booktitle = {FMCAD},
  year      = {2002},
  pages     = {33-51},
  ee        = {http://link.springer.de/link/service/series/0558/bibs/2517/25170033.htm},
  crossref  = {DBLP:conf/fmcad/2002},
  bibsource = {DBLP, http://dblp.uni-trier.de}
}

@proceedings{DBLP:conf/cav/2000,
  editor    = {E. Allen Emerson and
               A. Prasad Sistla},
  title     = {Computer Aided Verification, 12th International Conference,
               CAV 2000, Chicago, IL, USA, July 15-19, 2000, Proceedings},
  booktitle = {CAV},
  publisher = {Springer},
  series    = {Lecture Notes in Computer Science},
  volume    = {1855},
  year      = {2000},
  isbn      = {3-540-67770-4},
  bibsource = {DBLP, http://dblp.uni-trier.de}
}

@inproceedings{DBLP:conf/tacas/CondratK07,
  author    = {Christopher Condrat and
               Priyank Kalla},
  title     = {A Gr{\"o}bner Basis Approach to CNF-Formulae Preprocessing},
  booktitle = {TACAS},
  year      = {2007},
  pages     = {618-631},
  ee        = {http://dx.doi.org/10.1007/978-3-540-71209-1_48},
  crossref  = {DBLP:conf/tacas/2007},
  bibsource = {DBLP, http://dblp.uni-trier.de}
}

@proceedings{DBLP:conf/tacas/2007,
  editor    = {Orna Grumberg and
               Michael Huth},
  title     = {Tools and Algorithms for the Construction and Analysis of
               Systems, 13th International Conference, TACAS 2007, Held
               as Part of the Joint European Conferences on Theory and
               Practice of Software, ETAPS 2007 Braga, Portugal, March
               24 - April 1, 2007, Proceedings},
  booktitle = {TACAS},
  publisher = {Springer},
  series    = {Lecture Notes in Computer Science},
  volume    = {4424},
  year      = {2007},
  isbn      = {978-3-540-71208-4},
  bibsource = {DBLP, http://dblp.uni-trier.de}
}

@inproceedings{DBLP:conf/spin/Bryant08,
  author    = {Randal E. Bryant},
  title     = {A View from the Engine Room: Computational Support for Symbolic
               Model Checking},
  booktitle = {25 Years of Model Checking},
  year      = {2008},
  pages     = {145-149},
  ee        = {http://dx.doi.org/10.1007/978-3-540-69850-0_9},
  crossref  = {DBLP:conf/spin/5000},
  bibsource = {DBLP, http://dblp.uni-trier.de}
}

@proceedings{DBLP:conf/spin/5000,
  editor    = {Orna Grumberg and
               Helmut Veith},
  title     = {25 Years of Model Checking - History, Achievements, Perspectives},
  booktitle = {25 Years of Model Checking},
  publisher = {Springer},
  series    = {Lecture Notes in Computer Science},
  volume    = {5000},
  year      = {2008},
  isbn      = {978-3-540-69849-4},
  bibsource = {DBLP, http://dblp.uni-trier.de}
}
@inproceedings{DBLP:conf/cdc/AkutsuHT09,
  author    = {Tatsuya Akutsu and
               Morihiro Hayashida and
               Takeyuki Tamura},
  title     = {Integer programming-based methods for attractor detection
               and control of boolean networks},
  booktitle = {CDC},
  year      = {2009},
  pages     = {5610-5617},
  ee        = {http://dx.doi.org/10.1109/CDC.2009.5400017},
  crossref  = {DBLP:conf/cdc/2009},
  bibsource = {DBLP, http://dblp.uni-trier.de}
}

@proceedings{DBLP:conf/cdc/2009,
  title     = {Proceedings of the 48th IEEE Conference on Decision and
               Control, CDC 2009, combined withe the 28th Chinese Control
               Conference, December 16-18, 2009, Shanghai, China},
  booktitle = {CDC},
  publisher = {IEEE},
  year      = {2009},
  bibsource = {DBLP, http://dblp.uni-trier.de}
}


@article{DBLP:journals/jbcb/LangmeadJ09,
  author    = {Christopher James Langmead and
               Sumit Kumar Jha},
  title     = {Symbolic Approaches for Finding Control Strategies in Boolean
               Networks},
  journal   = {J. Bioinformatics and Computational Biology},
  volume    = {7},
  number    = {2},
  year      = {2009},
  pages     = {323-338},
  ee        = {http://dx.doi.org/10.1142/S0219720009004084},
  bibsource = {DBLP, http://dblp.uni-trier.de}
}

@ARTICLE{Kauffman69,
  author = {Kauffman, S. A.},
  title = {{Metabolic stability and epigenesis in randomly constructed genetic
	nets.}},
  journal = {J Theor Biol},
  year = {1969},
  volume = {22},
  pages = {437--467},
  number = {3},
  month = {March},
  citeulike-article-id = {581179},
  citeulike-linkout-0 = {http://view.ncbi.nlm.nih.gov/pubmed/5803332},
  citeulike-linkout-1 = {http://www.hubmed.org/display.cgi?uids=5803332},
  issn = {0022-5193},
  keywords = {boolean, gene-networks, modelling, simulation},
  posted-at = {2008-04-26 15:07:34},
  priority = {2},
  url = {http://view.ncbi.nlm.nih.gov/pubmed/5803332}
}


@article{DBLP:journals/jcss/HenzingerKPV98,
  author    = {Thomas A. Henzinger and
               Peter W. Kopke and
               Anuj Puri and
               Pravin Varaiya},
  title     = {What's Decidable about Hybrid Automata?},
  journal   = {J. Comput. Syst. Sci.},
  volume    = {57},
  number    = {1},
  year      = {1998},
  pages     = {94-124},
  bibsource = {DBLP, http://dblp.uni-trier.de}
}

@inproceedings{DBLP:conf/hybrid/AlurCHH92,
  author    = {Rajeev Alur and
               Costas Courcoubetis and
               Thomas A. Henzinger and
               Pei-Hsin Ho},
  title     = {Hybrid Automata: An Algorithmic Approach to the Specification
               and Verification of Hybrid Systems},
  booktitle = {Hybrid Systems},
  year      = {1992},
  pages     = {209-229},
  ee        = {http://dx.doi.org/10.1007/3-540-57318-6_30},
  crossref  = {DBLP:conf/hybrid/1992},
  bibsource = {DBLP, http://dblp.uni-trier.de}
}

@proceedings{DBLP:conf/hybrid/1992,
  editor    = {Robert L. Grossman and
               Anil Nerode and
               Anders P. Ravn and
               Hans Rischel},
  title     = {Hybrid Systems},
  booktitle = {Hybrid Systems},
  publisher = {Springer},
  series    = {Lecture Notes in Computer Science},
  volume    = {736},
  year      = {1993},
  isbn      = {3-540-57318-6},
  bibsource = {DBLP, http://dblp.uni-trier.de}
}



@misc{BN,
author={S.A. Kauffman}, 
year={1969},
title = {Metabolic stability and epigenesis in randomly constructed genetic nets},
journal = {Journal of Theoretical Biology, 22:437-467}
}

@inproceedings{DBLP:conf/ac/LamportS84,
  author    = {Leslie Lamport and
               Fred B. Schneider},
  title     = {Formal Foundation for Specification and Verification},
  booktitle = {Advanced Course: Distributed Systems},
  year      = {1984},
  pages     = {203-285},
  crossref  = {DBLP:conf/ac/1984ds},
  bibsource = {DBLP, http://dblp.uni-trier.de}
}
@proceedings{DBLP:conf/ac/1984ds,
  author    = {Mack W. Alford and
               Jean-Pierre Ansart and
               G{\"u}nter Hommel and
               Leslie Lamport and
               Barbara Liskov and
               Geoff P. Mullery and
               Fred B. Schneider},
  title     = {Distributed Systems: Methods and Tools for Specification,
               An Advanced Course, April 3-12, 1984 and April 16-25, 1985
               Munich},
  booktitle = {Advanced Course: Distributed Systems},
  publisher = {Springer},
  series    = {Lecture Notes in Computer Science},
  volume    = {190},
  year      = {1985},
  isbn      = {3-540-15216-4},
  bibsource = {DBLP, http://dblp.uni-trier.de}
}


@article{DBLP:journals/jsyml/Richardson68,
  author    = {Daniel Richardson},
  title     = {Some Undecidable Problems Involving Elementary Functions
               of a Real Variable},
  journal   = {J. Symb. Log.},
  volume    = {33},
  number    = {4},
  year      = {1968},
  pages     = {514-520},
  bibsource = {DBLP, http://dblp.uni-trier.de}
}

@inproceedings{DBLP:conf/hybrid/LafferrierePY99,
  author    = {Gerardo Lafferriere and
               George J. Pappas and
               Sergio Yovine},
  title     = {A New Class of Decidable Hybrid Systems},
  booktitle = {HSCC},
  year      = {1999},
  pages     = {137-151},
  ee        = {http://link.springer.de/link/service/series/0558/bibs/1569/15690137.htm},
  crossref  = {DBLP:conf/hybrid/1999},
  bibsource = {DBLP, http://dblp.uni-trier.de}
}

@proceedings{DBLP:conf/hybrid/1999,
  editor    = {Frits W. Vaandrager and
               Jan H. van Schuppen},
  title     = {Hybrid Systems: Computation and Control, Second International
               Workshop, HSCC'99, Berg en Dal, The Netherlands, March 29-31,
               1999, Proceedings},
  booktitle = {HSCC},
  publisher = {Springer},
  series    = {Lecture Notes in Computer Science},
  volume    = {1569},
  year      = {1999},
  isbn      = {3-540-65734-7},
  bibsource = {DBLP, http://dblp.uni-trier.de}
}

@incollection{DBLP:books/crc/IIR2005/HanssonNN05,
  author    = {Hans Hansson and
               Mikael Nolin and
               Thomas Nolte},
  title     = {Real-Time Systems},
  booktitle = {The Industrial Information Technology Handbook},
  year      = {2005},
  pages     = {1-28},
  crossref  = {DBLP:books/crc/IIR05},
  bibsource = {DBLP, http://dblp.uni-trier.de}
}
@book{DBLP:books/crc/IIR05,
  editor    = {Richard Zurawski},
  title     = {The Industrial Information Technology Handbook},
  booktitle = {The Industrial Information Technology Handbook},
  publisher = {CRC Press},
  year      = {2005},
  isbn      = {0-8493-1985-4},
  bibsource = {DBLP, http://dblp.uni-trier.de}
}


@mastersthesis{gao09,
author = {Sicun Gao},
title = {Counting Zeros over Finite Fields with {G}r\"obner Bases},
type = {Master {T}hesis},
school = {Carnegie Mellon University},
year = {2009}}

@article{DBLP:journals/deds/GirardJP08,
  author    = {Antoine Girard and
               A. Agung Julius and
               George J. Pappas},
  title     = {Approximate Simulation Relations for Hybrid Systems},
  journal   = {Discrete Event Dynamic Systems},
  volume    = {18},
  number    = {2},
  year      = {2008},
  pages     = {163-179},
  ee        = {http://dx.doi.org/10.1007/s10626-007-0029-9},
  bibsource = {DBLP, http://dblp.uni-trier.de}
}

@inproceedings{Ratschan10,
  author    = {Stefan Ratschan},
  title     = {Safety Verification of Non-linear Hybrid Systems Is Quasi-Semidecidable},
  booktitle = {TAMC},
  year      = {2010},
  pages     = {397-408},
  ee        = {http://dx.doi.org/10.1007/978-3-642-13562-0_36},
  crossref  = {DBLP:conf/tamc/2010},
  bibsource = {DBLP, http://dblp.uni-trier.de}
}

@inproceedings{Franzle99,
  author    = {Martin Fr{\"a}nzle},
  title     = {Analysis of Hybrid Systems: An Ounce of Realism Can Save
               an Infinity of States},
  booktitle = {CSL},
  year      = {1999},
  pages     = {126-140},
  ee        = {http://dx.doi.org/10.1007/3-540-48168-0_10},
  crossref  = {DBLP:conf/csl/1999},
  bibsource = {DBLP, http://dblp.uni-trier.de}
}


@inproceedings{HenzingerR00,
  author    = {Thomas A. Henzinger and
               Jean-Fran\c{c}ois Raskin},
  title     = {Robust Undecidability of Timed and Hybrid Systems},
  booktitle = {HSCC},
  year      = {2000},
  pages     = {145-159},
  ee        = {http://link.springer.de/link/service/series/0558/bibs/1790/17900145.htm},
  crossref  = {DBLP:conf/hybrid/2000},
  bibsource = {DBLP, http://dblp.uni-trier.de}
}


@article{Bournez99,
  author    = {Olivier Bournez},
  title     = {Achilles and the Tortoise Climbing up the Hyper-Arithmetical
               Hierarchy},
  journal   = {Theor. Comput. Sci.},
  volume    = {210},
  number    = {1},
  year      = {1999},
  pages     = {21-71},
  ee        = {http://dx.doi.org/10.1016/S0304-3975(98)00096-6},
  bibsource = {DBLP, http://dblp.uni-trier.de}
}

@article{AsarinM98,
  author    = {Eugene Asarin and
               Oded Maler},
  title     = {Achilles and the Tortoise Climbing Up the Arithmetical Hierarchy},
  journal   = {J. Comput. Syst. Sci.},
  volume    = {57},
  number    = {3},
  year      = {1998},
  pages     = {389-398},
  bibsource = {DBLP, http://dblp.uni-trier.de}
}

@inproceedings{robust97,
  author    = {Vineet Gupta and
               Thomas A. Henzinger and
               Radha Jagadeesan},
  title     = {Robust Timed Automata},
  booktitle = {HART},
  year      = {1997},
  pages     = {331-345},
  crossref  = {DBLP:conf/hybrid/1997hart},
  bibsource = {DBLP, http://dblp.uni-trier.de}
}

@inproceedings{andre07,
  author    = {Andr{\'e} Platzer and Edmund M. Clarke},
  title     = {The Image Computation Problem in Hybrid Systems Model Checking},
  booktitle = {HSCC},
  year      = {2007},
  pages     = {473-486},
  ee        = {http://dx.doi.org/10.1007/978-3-540-71493-4_37},
  crossref  = {DBLP:conf/hybrid/2007},
  bibsource = {DBLP, http://dblp.uni-trier.de}
}

@INPROCEEDINGS{Collins04,
    author = {Pieter Collins},
    title = {A trajectory-space approach to hybrid systems},
    booktitle = {Mathematical theory of Networks and Systems Conference, Leuwen, BG},
    year = {2004},
    publisher = {Springer}
}

@inproceedings{Davoren09,
  author    = {Jennifer M. Davoren},
  title     = {Epsilon-Tubes and Generalized Skorokhod Metrics for Hybrid
               Paths Spaces},
  booktitle = {HSCC},
  year      = {2009},
  pages     = {135-149},
  ee        = {http://dx.doi.org/10.1007/978-3-642-00602-9_10},
  crossref  = {DBLP:conf/hybrid/2009},
  bibsource = {DBLP, http://dblp.uni-trier.de}
}

@book{baier_08_principles,
  author = {Christel Baier and Joost P. Katoen},
  howpublished = {Hardcover},
  interhash = {050954942095dcc29dfafe5e64784433},
  intrahash = {e9ebb57960d20320e31fb9924c52b202},
  publisher = {The MIT Press},
  title = {Principles of Model Checking},
  url = {http://www.amazon.ca/exec/obidos/redirect?tag=citeulike09-20&amp;path=ASIN/026202649X},
  year = 2008,
  keywords = {2008 model_checking},
  added-at = {2009-02-11T20:11:31.000+0100},
  posted-at = {2008-06-21 15:41:47},
  priority = {2},
  isbn = {026202649X},
  biburl = {http://www.bibsonomy.org/bibtex/2e9ebb57960d20320e31fb9924c52b202/leonardo},
  citeulike-article-id = {2913983},
  abstract = {Our growing dependence on increasingly complex computer and software systems necessitates the development of formalisms, techniques, and tools for assessing functional properties of these systems. One such technique that has emerged in the last twenty years is model checking, which systematically (and automatically) checks whether a model of a given system satisfies a desired property such as deadlock freedom, invariants, or request-response properties. This automated technique for verification and debugging has developed into a mature and widely used approach with many applications. _Principles of Model Checking_ offers a comprehensive introduction to model checking that is not only a text suitable for classroom use but also a valuable reference for researchers and practitioners in the field. The book begins with the basic principles for modeling concurrent and communicating systems, introduces different classes of properties (including safety and liveness), presents the notion of fairness, 
and provides automata- based algorithms for these properties. It introduces the temporal logics LTL and CTL, compares them, and covers algorithms for verifying these logics, discussing real-time systems as well as systems subject to random phenomena. Separate chapters treat such efficiency-improving techniques as abstraction and symbolic manipulation. The book includes an extensive set of examples (most of which run through several chapters) and a complete set of basic results accompanied by detailed proofs. Each chapter concludes with a summary, bibliographic notes, and an extensive list of exercises of both practical and theoretical nature.}
}

@book{Clarke1999,
  author = {Edmund Clarke and Orna Grumberg and Doron A. Peled},
  publisher = {The MIT Press},
  title = {Model Checking},
  year = 1999,
  ean = {9780262032704},
  keywords = {CTL LTL checking model model-checker symbolic temporal},
  added-at = {2008-07-21T12:42:58.000+0200},
  asin = {0262032708},
  description = {MR: Vermittelt durchaus was sich hinter Model-Checking versteckt, wird aber schnell 'fortgeschritten' wenn temporale Logiken nicht geläufig sind.},
  isbn = {0262032708},
  biburl = {http://www.bibsonomy.org/bibtex/25b9297eafc5813859e22b492c7711ef0/ist_spl},
  dewey = {004.21},
}


@article{DBLP:journals/toms/GranvilliersB06,
  author    = {Laurent Granvilliers and
               Fr{\'e}d{\'e}ric Benhamou},
  title     = {Algorithm 852: RealPaver: an interval solver using constraint
               satisfaction techniques},
  journal   = {ACM Trans. Math. Softw.},
  volume    = {32},
  number    = {1},
  year      = {2006},
  pages     = {138-156},
  ee        = {http://doi.acm.org/10.1145/1132973.1132980},
  bibsource = {DBLP, http://dblp.uni-trier.de}
}

@BOOK{jaulin01:applied,
  AUTHOR = {Luc Jaulin and Michel Kieffer and Olivier Didrit and {\`{E}}ric Walter},
  TITLE = {Applied Interval Analysis with Examples in Parameter and State Estimation, Robust Control and Robotics},
  PUBLISHER = {Springer-Verlag},
  YEAR = 2001,
  ADDRESS = {London},
  }

@inproceedings{DBLP:conf/cp/Jaulin06,
  author    = {Luc Jaulin},
  title     = {Localization of an Underwater Robot Using Interval Constraint
               Propagation},
  booktitle = {CP},
  year      = {2006},
  pages     = {244-255},
  ee        = {http://dx.doi.org/10.1007/11889205_19},
  crossref  = {DBLP:conf/cp/2006},
  bibsource = {DBLP, http://dblp.uni-trier.de}
}

@inproceedings{val,
author= {D. Fausten and W. Luther},
title = {Verified Solutions of Systems of Nonlinear Polynomial Equations},
booktitle = {Scientific Computing, Validated Numerics, Interval Methods},
publisher = {Springer},
year = {2001}
}

@inproceedings{DBLP:conf/cocos/DrocourtDBMC03,
  author    = {Cyril Drocourt and
               Laurent Delahoche and
               Eric Brassart and
               Bruno Marhic and
               Arnaud Clerentin},
  title     = {Incremental Construction of the Robot's Environmental Map
               Using Interval Analysis},
  booktitle = {COCOS},
  year      = {2003},
  pages     = {127-141},
  ee        = {http://dx.doi.org/10.1007/11425076_10},
  crossref  = {DBLP:conf/cocos/2003},
  bibsource = {DBLP, http://dblp.uni-trier.de}
}

@inproceedings{GoubaultP06,
  author    = {Eric Goubault and
               Sylvie Putot},
  title     = {Static Analysis of Numerical Algorithms},
  booktitle = {SAS},
  year      = {2006},
  pages     = {18-34},
  ee        = {http://dx.doi.org/10.1007/11823230_3},
  crossref  = {DBLP:conf/sas/2006},
  bibsource = {DBLP, http://dblp.uni-trier.de}
}

@inproceedings{FainekosSIG09,
  author    = {Georgios E. Fainekos and
               Sriram Sankaranarayanan and
               Franjo Ivancic and
               Aarti Gupta},
  title     = {Robustness of Model-Based Simulations},
  booktitle = {IEEE Real-Time Systems Symposium},
  year      = {2009},
  pages     = {345-354},
}

@inproceedings{BrownD07,
  author    = {Christopher W. Brown and
               James H. Davenport},
  title     = {The complexity of quantifier elimination and cylindrical
               algebraic decomposition},
  booktitle = {ISSAC-2007}
}

@inproceedings{slow,
  author    = {Lucas Bordeaux and
               Youssef Hamadi and
               Moshe Y. Vardi},
  title     = {An Analysis of Slow Convergence in Interval Propagation},
  booktitle = {CP},
  year      = {2007},
  pages     = {790-797},
  ee        = {http://dx.doi.org/10.1007/978-3-540-74970-7_56},
}

@proceedings{DBLP:conf/cp/2007,
  editor    = {Christian Bessiere},
  title     = {Principles and Practice of Constraint Programming - CP 2007,
               13th International Conference, CP 2007, Providence, RI,
               USA, September 23-27, 2007, Proceedings},
  booktitle = {CP},
  publisher = {Springer},
  series    = {Lecture Notes in Computer Science},
  volume    = {4741},
  year      = {2007},
  isbn      = {978-3-540-74969-1},
  bibsource = {DBLP, http://dblp.uni-trier.de}
}
@inproceedings{PlatzerQR09,
  author    = {Andr{\'e} Platzer and
               Jan-David Quesel and
               Philipp R{\"u}mmer},
  title     = {Real World Verification},
  booktitle = {CADE},
  year      = {2009},
  pages     = {485-501},
  ee        = {http://dx.doi.org/10.1007/978-3-642-02959-2_35},
  bibsource = {DBLP, http://dblp.uni-trier.de}
}

@InProceedings{BarST-SMT-10,
  author =	 {Clark Barrett and Aaron Stump and Cesare Tinelli},
  title =	 {{The SMT-LIB Standard: Version 2.0}},
  year =	 2010,
  booktitle =	 {Proceedings of the 8th International Workshop on
                  Satisfiability Modulo Theories (Edinburgh, UK)},
  editor =	 {A.~Gupta and D.~Kroening},
}



@article{Ratschan02,
  author    = {Stefan Ratschan},
  title     = {Quantified Constraints Under Perturbation},
  journal   = {J. Symb. Comput.},
  volume    = {33},
  number    = {4},
  year      = {2002},
  pages     = {493-505},
  ee        = {http://dx.doi.org/10.1006/jsco.2001.0519},
  bibsource = {DBLP, http://dblp.uni-trier.de}
}

@inproceedings{pspaceGB,
author = {Quoc-Nam Tran},
title = {Gr\"obner Bases Computation in Boolean Rings is {PSPACE}},
booktitle = {International Journal of Applied Mathematics and Computer Sciences},
volume = {5, No. 2},
Page = {109-114},
year ={ 2009}
}

}

@INPROCEEDINGS{Marchand98onthe,
    author = {Herve Marchand and Michel Le Borgne},
    title = {On the Optimal Control of Polynomial Dynamical Systems over {Z}/p{Z}},
    booktitle = {In 4th International Workshop on Discrete Event Systems},
    year = {1998},
    pages = {385--390}
}

@inproceedings{Monniaux08,
  author    = {David Monniaux},
  title     = {A Quantifier Elimination Algorithm for Linear Real Arithmetic},
  booktitle = {LPAR},
  year      = {2008},
}


@inproceedings{bio2,
author = {Abdul Salam Jarrah and Reinhard Laubenbacher and Brandilyn Stigler and Michael Stillman},
title = {Reverse-engineering of polynomial dynamical systems},
booktitle = {Advances in Applied Mathematics},
Volume = {39},
issue = {2},
year = {2007},
pages={477-489},
}


@inproceedings{bio1,
author = {Edward E. Allen and Jacquelyn S. Fetrow and Larry W. Daniel and Stan J. Thomas and David J. John},
title = {Algebraic dependency models of protein signal transduction networks from time-series data},
booktitle = {Journal of Theoretical Biology},
volume = {238},
issue={2},
pages = {317-330},
year = {2006}
}

@book{modelbook,
author = {David Marker},
title = {Model Theory},
publisher = {Springer},
year = {2002}
}


@inproceedings{Nipkow08,
  author    = {Tobias Nipkow},
  title     = {Linear Quantifier Elimination},
  booktitle = {IJCAR},
  year      = {2008},
  pages     = {18-33},
  ee        = {http://dx.doi.org/10.1007/978-3-540-71070-7_3},
}

@inproceedings{virus,
author = {A. Jarrah and H. Vastani and K. Duca and R. Laubenbacher}, 
title ={An optimal control problem for in vitro virus competition}, 
booktitle = {43rd IEEE Conference on Decision and Control},
year= {2004},
}

@inproceedings{SmithD08,
  author    = {Eric Whitman Smith and
               David L. Dill},
  title     = {Automatic Formal Verification of Block Cipher Implementations},
  booktitle = {FMCAD},
  year      = {2008},
  pages     = {1-7},
  ee        = {http://dx.doi.org/10.1109/FMCAD.2008.ECP.10},
}

@inproceedings{Lakshman,
 author = {Lakshman, Y. N.},
 title = {On the complexity of computing a {G}r\"{o}bner basis for the radical of a zero dimensional ideal},
 booktitle = {STOC '90},
 year = {1990},
 isbn = {0-89791-361-2},
 pages = {555--563},
 location = {Baltimore, Maryland, United States},
 doi = {http://doi.acm.org/10.1145/100216.100294},
 publisher = {ACM},
 address = {New York, NY, USA},
 }


@inproceedings{BCook08,
  author    = {Byron Cook and
               Sumit Gulwani and
               Tal Lev-Ami and
               Andrey Rybalchenko and
               Mooly Sagiv},
  title     = {Proving Conditional Termination},
  booktitle = {CAV},
  year      = {2008},
  pages     = {328-340},
  ee        = {http://dx.doi.org/10.1007/978-3-540-70545-1_32},
  crossref  = {DBLP:conf/cav/2008},
  bibsource = {DBLP, http://dblp.uni-trier.de}
}

@inproceedings{PlatzerQR09,
  author    = {Andr{\'e} Platzer and
               Jan-David Quesel and
               Philipp R{\"u}mmer},
  title     = {Real World Verification},
  booktitle = {CADE},
  year      = {2009},
  pages     = {485-501},
  ee        = {http://dx.doi.org/10.1007/978-3-642-02959-2_35},
  bibsource = {DBLP, http://dblp.uni-trier.de}
}

@article{Ratschan02,
  author    = {Stefan Ratschan},
  title     = {Quantified Constraints Under Perturbation},
  journal   = {J. Symb. Comput.},
  volume    = {33},
  number    = {4},
  year      = {2002},
  pages     = {493-505},
  ee        = {http://dx.doi.org/10.1006/jsco.2001.0519},
  bibsource = {DBLP, http://dblp.uni-trier.de}
}



@inproceedings{PassmoreJ09,
  author    = {Grant Olney Passmore and
               Paul B. Jackson},
  title     = {Combined Decision Techniques for the Existential Theory
               of the Reals},
  booktitle = {Calculemus/MKM},
  year      = {2009},
  pages     = {122-137},
}

@inproceedings{SWbench,
author = { F.~Ivan\v{c}i\'{c} and M.~K. Ganai and S.~Sankaranarayanan, and A.~Gupta.},
title = {Numerical stability analysis of floating-point computations using software model checking},
booktitle = {MEMOCODE 2010},
}



@proceedings{DBLP:conf/mkm/2009,
  editor    = {Jacques Carette and
               Lucas Dixon and
               Claudio Sacerdoti Coen and
               Stephen M. Watt},
  title     = {Intelligent Computer Mathematics, 16th Symposium, Calculemus
               2009, 8th International Conference, MKM 2009, Held as Part
               of CICM 2009, Grand Bend, Canada, July 6-12, 2009. Proceedings},
  booktitle = {Calculemus/MKM},
  publisher = {Springer},
  series    = {Lecture Notes in Computer Science},
  volume    = {5625},
  year      = {2009},
  isbn      = {978-3-642-02613-3},
  ee        = {http://dx.doi.org/10.1007/978-3-642-02614-0},
  bibsource = {DBLP, http://dblp.uni-trier.de}
}



@article{bern,
      Author = "C{\'{e}}sar Mu{\~{n}}oz and Anthony Narkawicz",
      Title  = "Formalization of a Representation of {B}ernstein Polynomials and Applications to Global Optimization",
      Journal = "Journal of Automated Reasoning",
      doi      = "10.1007/s10817-012-9256-3",
      publisher = "Springer",
      url      = "http://dx.doi.org/10.1007/s10817-012-9256-3",
      note = "Accepted for publication",
      year = {2012}}



@misc{hysatweb,
	title = {HySAT},
        NOTE = "\texttt{http://hysat.informatik.uni-oldenburg.de}"
}

@misc{dReal,
title = {The d{R}eal Solver},
NOTE = "\texttt{http://www.cs.cmu.edu/{$\sim$}sicung/dReal}"

}



@misc{necbench,
NOTE = "{http://www.nec-labs.com/research/system/systems\_SAV-website/benchmarks.php}, Item 7"
}

@misc{sage,
title = {The {SAGE} Computer Algebra system},
NOTE = "\texttt{http://sagemath.org}"
}


@misc{singular,
title = {The {S}ingular Computer Algebra system},
NOTE = "\texttt{http://www.singular.uni-kl.de/}"
}

@misc{smtcomp,
      title = {S{MT C}ompetition 2009},
      NOTE = "\texttt{http://www.smtcomp.org/2009/}"
}

@misc{cvc3,
     title = {C{VC3}},
NOTE = "\texttt{http://cs.nyu.edu/acsys/cvc3/index.html}"
}

@misc{opensmt,
      title = {Opensmt},
      NOTE = "\texttt{http://code.google.com/p/opensmt/}",
}

@misc{realpaver,
      howpublished = "\texttt{http://sourceforge.net/projects/realpaver/}"
}



@article{DBLP:journals/rc/Yamamura00,
  author    = {Kiyotaka Yamamura},
  title     = {Finding All Solutions of Nonlinear Equations Using Linear
               Combinations of Functions},
  journal   = {Reliable Computing},
  volume    = {6},
  number    = {2},
  year      = {2000},
  pages     = {105-113},
  ee        = {http://dx.doi.org/10.1023/A:1009956920204},
  bibsource = {DBLP, http://dblp.uni-trier.de}
}

@article{journals/amc/YamamuraST09,
  author = {Kiyotaka Yamamura and Koki Suda and Naoya Tamura},
  interHash = {169f1e6c5c4d0dfddc4ac9435ff6f6b1},
  intraHash = {5cc859f1deb444201d6aacd97f8529aa},
  journal = {Applied Mathematics and Computation},
  number = {1},
  pages = {405-413},
  title = {LP narrowing: A new strategy for finding all solutions of nonlinear equations.},
  url = {http://dblp.uni-trier.de/db/journals/amc/amc215.html#YamamuraST09},
  volume = {215},
  year = {2009},
  ee = {http://dx.doi.org/10.1016/j.amc.2009.05.017},
  date = {2009-09-17}
}

@MISC{techfmcad10,
author = {Sicun Gao and Malay Ganai and Franjo Ivan\v{c}i\'c and Aarti Gupta and Sriram Sankaranarayanan and Edmund M. Clarke},
title = {Integrating ICP and LRA Solvers for Deciding Nonlinear Real Arithmetic Problems},
howpublished = {Technical report, \texttt{"http://www.cs.cmu.edu/$\sim$ sicung/papers/fmcad10.html"}},
}

@MISC{ffield,
author = {Sicun Gao and Andre Platzer and Edmund M. Clarke},
title = {Quantifier Elimination over Finite Fields using Grobner Bases},
howpublished = {Under Submission},
}

@MISC{RanTin-SMTLIB,
  author =	 {Clark Barrett and Silvio Ranise and Aaron Stump and Cesare Tinelli},
  title =	 {{The Satisfiability Modulo Theories Library (SMT-LIB)}},
  howpublished = {{\tt www.SMT-LIB.org}},
  year =	 2008,
}



@book{DPbook,
 author = {Kroening, Daniel and Strichman, Ofer},
 title = {Decision Procedures: An Algorithmic Point of View},
 year = {2008},
 isbn = {3540741046, 9783540741046},
 publisher = {Springer},
 }

@book{intervals,
author = {G\"otz Alefeld and J\"urgen Herzberger},
title = {Introduction to Interval Computations},
year = {1983},
publisher = {Academic Press}
}


@book{moore,
author = {R.R. Moore},
title = {Interval Analysis},
year = 1966,
publisher = {Prentie Hall, NJ}
}


@inproceedings{cordic,
author = {Malay K. Ganai and Franjo Ivan\v{c}i\'c},
title = {Efficient Decision Procedure for Non-linear Arithmetic Constraints using CORDIC},
booktitle = {Formal Methods in Computer Aided Design (FMCAD)},
year = {2009}
}


@inproceedings{BorrallerasLNRR09,
  author    = {Cristina Borralleras and
               Salvador Lucas and
               Rafael Navarro-Marset and
               Enric Rodr\'{\i}guez-Carbonell and
               Albert Rubio},
  title     = {Solving Non-linear Polynomial Arithmetic via SAT Modulo
               Linear Arithmetic},
  booktitle = {CADE},
  year      = {2009},
  pages     = {294-305},
  ee        = {http://dx.doi.org/10.1007/978-3-642-02959-2_23},
  bibsource = {DBLP, http://dblp.uni-trier.de}
}

@proceedings{DBLP:conf/cade/2009,
  editor    = {Renate A. Schmidt},
  title     = {Automated Deduction - CADE-22, 22nd International Conference
               on Automated Deduction, Montreal, Canada, August 2-7, 2009.
               Proceedings},
  booktitle = {CADE},
  publisher = {Springer},
  series    = {Lecture Notes in Computer Science},
  volume    = {5663},
  year      = {2009},
  isbn      = {978-3-642-02958-5},
  ee        = {http://dx.doi.org/10.1007/978-3-642-02959-2},
  bibsource = {DBLP, http://dblp.uni-trier.de}
}

@inproceedings{AkbarpourP09,
  author    = {Behzad Akbarpour and
               Lawrence C. Paulson},
  title     = {Applications of {M}eti{T}arski in the Verification of Control
               and Hybrid Systems},
  booktitle = {HSCC},
  year      = {2009},
  pages     = {1-15},
  ee        = {http://dx.doi.org/10.1007/978-3-642-00602-9_1},
  bibsource = {DBLP, http://dblp.uni-trier.de}
}

@proceedings{DBLP:conf/hybrid/2009,
  editor    = {Rupak Majumdar and
               Paulo Tabuada},
  title     = {Hybrid Systems: Computation and Control, 12th International
               Conference, HSCC 2009, San Francisco, CA, USA, April 13-15,
               2009. Proceedings},
  booktitle = {HSCC},
  publisher = {Springer},
  series    = {Lecture Notes in Computer Science},
  volume    = {5469},
  year      = {2009},
  isbn      = {978-3-642-00601-2},
  ee        = {http://dx.doi.org/10.1007/978-3-642-00602-9},
  bibsource = {DBLP, http://dblp.uni-trier.de}
}

@inproceedings{Hong09,
  author    = {Hoon Hong and
               Mohab Safey El Din},
  title     = {Variant real quantifier elimination: algorithm and application},
  booktitle = {ISSAC},
  year      = {2009},
  pages     = {183-190},
  ee        = {http://doi.acm.org/10.1145/1576702.1576729},
  crossref  = {DBLP:conf/issac/2009},
  bibsource = {DBLP, http://dblp.uni-trier.de}
}

@proceedings{DBLP:conf/issac/2009,
  editor    = {Jeremy Johnson and
               Hyungju Park and
               Erich Kaltofen},
  title     = {Symbolic and Algebraic Computation, International Symposium,
               ISSAC 2009, Seoul, Republic of Korea, July 29-31, 2009,
               Proceedings},
  booktitle = {ISSAC},
  publisher = {ACM},
  year      = {2009},
  isbn      = {978-1-60558-609-0},
  bibsource = {DBLP, http://dblp.uni-trier.de}
}

@article{Weispfenning97,
  author    = {Volker Weispfenning},
  title     = {Quantifier Elimination for Real Algebra - the Quadratic
               Case and Beyond},
  journal   = {Appl. Algebra Eng. Commun. Comput.},
  volume    = {8},
  number    = {2},
  year      = {1997},
  pages     = {85-101},
  ee        = {http://link.springer.de/link/service/journals/00200/bibs/7008002/70080085.htm},
  bibsource = {DBLP, http://dblp.uni-trier.de}
}

@article{tarski,
author = {Alfred Tarski},
title = {A Decision Method for Elementary Algebra and Geometry},
year = {1948},
booktitle = {Manuscript, RAND Corp.}
}

@inproceedings{collins,
  author    = {George E. Collins},
  title     = {Quantifier elimination for real closed fields
               by cylindrical algebraic decomposition},
  booktitle = {Automata Theory and Formal Languages},
  year      = {1975},
  pages     = {134-183},
  bibsource = {DBLP, http://dblp.uni-trier.de}
}

@proceedings{DBLP:conf/automata/1975,
  editor    = {H. Barkhage},
  title     = {Automata Theory and Formal Languages, 2nd GI Conference,
               Kaiserslautern, May 20-23, 1975},
  booktitle = {Automata Theory and Formal Languages},
  publisher = {Springer},
  series    = {Lecture Notes in Computer Science},
  volume    = {33},
  year      = {1975},
  isbn      = {3-540-07407-4},
  bibsource = {DBLP, http://dblp.uni-trier.de}
}

@inproceedings{parrilo,
  author    = {Pablo A. Parrilo},
  title     = {Sums of squares of polynomials and their applications},
  booktitle = {ISSAC},
  year      = {2004},
  pages     = {1},
  ee        = {http://doi.acm.org/10.1145/1005285.1005286},
}

@proceedings{DBLP:conf/issac/2004,
  editor    = {Jaime Gutierrez},
  title     = {Symbolic and Algebraic Computation, International Symposium
               ISSAC 2004, Santander, Spain, July 4-7, 2004, Proceedings},
  booktitle = {ISSAC},
  publisher = {ACM},
  year      = {2004},
  isbn      = {1-58113-827-X},
  bibsource = {DBLP, http://dblp.uni-trier.de}
}

@inproceedings{harrison,
  author    = {John Harrison},
  title     = {Verifying Nonlinear Real Formulas Via Sums of Squares},
  booktitle = {TPHOLs},
  year      = {2007},
  pages     = {102-118},
  ee        = {http://dx.doi.org/10.1007/978-3-540-74591-4_9},
  crossref  = {DBLP:conf/tphol/2007},
  bibsource = {DBLP, http://dblp.uni-trier.de}
}

@proceedings{DBLP:conf/tphol/2007,
  editor    = {Klaus Schneider and
               Jens Brandt},
  title     = {Theorem Proving in Higher Order Logics, 20th International
               Conference, TPHOLs 2007, Kaiserslautern, Germany, September
               10-13, 2007, Proceedings},
  booktitle = {TPHOLs},
  publisher = {Springer},
  series    = {Lecture Notes in Computer Science},
  volume    = {4732},
  year      = {2007},
  isbn      = {978-3-540-74590-7},
  bibsource = {DBLP, http://dblp.uni-trier.de}
}



@inproceedings{metitarski,
  author    = {Behzad Akbarpour and
               Lawrence C. Paulson},
  title     = {MetiTarski: An Automatic Prover for the Elementary Functions},
  booktitle = {AISC/MKM/Calculemus},
  year      = {2008},
  pages     = {217-231},
  ee        = {http://dx.doi.org/10.1007/978-3-540-85110-3_18},
    bibsource = {DBLP, http://dblp.uni-trier.de}
}

@proceedings{DBLP:conf/aisc/2008,
  editor    = {Serge Autexier and
               John Campbell and
               Julio Rubio and
               Volker Sorge and
               Masakazu Suzuki and
               Freek Wiedijk},
  title     = {Intelligent Computer Mathematics, 9th International Conference,
               AISC 2008, 15th Symposium, Calculemus 2008, 7th International
               Conference, MKM 2008, Birmingham, UK, July 28 - August 1,
               2008. Proceedings},
  booktitle = {AISC/MKM/Calculemus},
  publisher = {Springer},
  series    = {Lecture Notes in Computer Science},
  volume    = {5144},
  year      = {2008},
  isbn      = {978-3-540-85109-7},
  bibsource = {DBLP, http://dblp.uni-trier.de}
}



@BOOK{jaulin01:applied,
  AUTHOR = {Luc Jaulin and Michel Kieffer and Olivier Didrit and {\`{E}}ric Walter},
  TITLE = {Applied Interval Analysis},
  PUBLISHER = {Springer-Verlag},
  YEAR = 2001,
  ADDRESS = {London},
  URL = {http://www.springeronline.com/sgw/cda/frontpage/0,10735,5-0-72-2093571-0,00.html}
}


@incollection{handbookICP,
          author    = { Frederic Benhamou and Laurent Granvilliers },
          chapter   = { 16 },
          title     = { Continuous and Interval Constraints },
          editor    = { Rossi, F. and van Beek, P. and Walsh, T. },
          booktitle = { Handbook of Constraint Programming },
          publisher = { Elsevier },
          year      = { 2006 }
}


@inproceedings{poly,
          author    ={Michel Le Borgne and Albert Benveniste and Paul Le Guernic},
          title     = { Polynomial dynamical systems over finite fields },
          booktitle = { 	Algebraic Computing in Control},
          publisher = { Springer},
	 volume = {165}
          year      = { 1991 }
}





@article{Newton,
     jstor_articletype = {primary_article},
     title = {Solving Polynomial Systems using a Branch and Prune Approach},
     author = {Hentenryck, Pascal Van and McAllester, David and Kapur, Deepak},
     journal = {SIAM Journal on Numerical Analysis},
     jstor_issuetitle = {},
     volume = {34},
     number = {2},
     jstor_formatteddate = {Apr., 1997},
     pages = {797--827},
     url = {http://www.jstor.org/stable/2952005},
     ISSN = {00361429},
     abstract = {This paper presents Newton, a branch and prune algorithm used to find all isolated solutions of a system of polynomial constraints. Newton can be characterized as a global search method which uses intervals for numerical correctness and for pruning the search space early. The pruning in Newton consists of enforcing at each node of the search tree a unique local consistency condition, called box-consistency, which approximates the notion of arc-consistency well known in artificial intelligence. Box-consistency is parametrized by an interval extension of the constraint and can be instantiated to produce the Hansen-Sengupta narrowing operator (used in interval methods) as well as new operators which are more effective when the computation is far from a solution. Newton has been evaluated on a variety of benchmarks from kinematics, chemistry, combustion, economics, and mechanics. On these benchmarks, it outperforms the interval methods we are aware of and compares well with state-of-the-art 
continuation methods. Limitations of Newton (e.g., a sensitivity to the size of the initial intervals on some problems) are also discussed. Of particular interest is the mathematical and programming simplicity of the method.},
     year = {1997},
     publisher = {Society for Industrial and Applied Mathematics},    
    }


@article{HySAT,
  author    = {Martin Fr{\"a}nzle and
               Christian Herde and
               Tino Teige and
               Stefan Ratschan and
               Tobias Schubert},
  title     = {Efficient Solving of Large Non-linear Arithmetic Constraint
               Systems with Complex Boolean Structure},
  journal   = {JSAT},
  volume    = {1},
  number    = {3-4},
  year      = {2007},
  pages     = {209-236},
  ee        = {http://jsat.ewi.tudelft.nl/content/volume1/JSAT1_11_Fraenzle.pdf},
  bibsource = {DBLP, http://dblp.uni-trier.de}
}

@inproceedings{ABsolver,
  author    = {Andreas Bauer and
               Markus Pister and
               Michael Tautschnig},
  title     = {Tool-support for the analysis of hybrid systems and models},
  booktitle = {DATE},
  year      = {2007},
  pages     = {924-929},
  ee        = {http://doi.acm.org/10.1145/1266366.1266565},
  crossref  = {DBLP:conf/date/2007},
  bibsource = {DBLP, http://dblp.uni-trier.de}
}

@proceedings{DBLP:conf/date/2007,
  editor    = {Rudy Lauwereins and
               Jan Madsen},
  title     = {2007 Design, Automation and Test in Europe Conference and
               Exposition (DATE 2007), April 16-20, 2007, Nice, France},
  booktitle = {DATE},
  publisher = {ACM},
  year      = {2007},
  isbn      = {978-3-9810801-2-4},
  bibsource = {DBLP, http://dblp.uni-trier.de}
}




@article{ControlQE,
  author    = {Mats Jirstrand},
  title     = {Nonlinear Control System Design by Quantifier Elimination},
  journal   = {J. Symb. Comput.},
  volume    = {24},
  number    = {2},
  year      = {1997},
  pages     = {137-152},
  bibsource = {DBLP, http://dblp.uni-trier.de}
}



@article{realpaver_paper,
  author    = {Laurent Granvilliers and
               Fr{\'e}d{\'e}ric Benhamou},
  title     = {Algorithm 852: RealPaver: an interval solver using constraint
               satisfaction techniques},
  journal   = {ACM Trans. Math. Softw.},
  volume    = {32},
  number    = {1},
  year      = {2006},
  pages     = {138-156},
  ee        = {http://doi.acm.org/10.1145/1132973.1132980},
  bibsource = {DBLP, http://dblp.uni-trier.de}
}





@inproceedings{linear06,
  author    = {Bruno Dutertre and
               Leonardo Mendon\c{c}a de Moura},
  title     = {A Fast Linear-Arithmetic Solver for {DPLL(T)}},
  booktitle = {CAV-2006}
}

@proceedings{DBLP:conf/cav/2006,
  editor    = {Thomas Ball and
               Robert B. Jones},
  title     = {Computer Aided Verification, 18th International Conference,
               CAV 2006, Seattle, WA, USA, August 17-20, 2006, Proceedings},
  booktitle = {CAV},
  publisher = {Springer},
  series    = {Lecture Notes in Computer Science},
  volume    = {4144},
  year      = {2006},
  isbn      = {3-540-37406-X},
  bibsource = {DBLP, http://dblp.uni-trier.de}
}

@inproceedings{AdlemanH96,
  author    = {Leonard M. Adleman and
               Ming-Deh A. Huang},
  title     = {Counting Rational Points on Curves and Abelian Varieties
               over Finite Fields},
  booktitle = {ANTS},
  year      = {1996},
  pages     = {1-16},
  crossref  = {DBLP:conf/ants/1996},
  bibsource = {DBLP, http://dblp.uni-trier.de}
}

@proceedings{DBLP:conf/ants/1996,
  editor    = {Henri Cohen},
  title     = {Algorithmic Number Theory, Second International Symposium,
               ANTS-II, Talence, France, May 18-23, 1996, Proceedings},
  booktitle = {ANTS},
  publisher = {Springer},
  series    = {Lecture Notes in Computer Science},
  volume    = {1122},
  year      = {1996},
  isbn      = {3-540-61581-4},
  bibsource = {DBLP, http://dblp.uni-trier.de}
}

@inproceedings{HuangW96,
  author    = {Ming-Deh A. Huang and
               Yiu-Chung Wong},
  title     = {Solving Systems of Polynomial Congruences Modulo a Large
               Prime (extended abstract)},
  booktitle = {Proc. 37th Annual IEEE Symposium on Foundations of Computer Science},
  year      = {1996},
  pages     = {115-124},
  crossref = {DBLP:conf/ants/1996},
  bibsource = {DBLP, http://dblp.uni-trier.de}
}

@inproceedings{HuangI93,
  author    = {Ming-Deh A. Huang and
               Doug Ierardi},
  title     = {Counting Rational Points on Curves over Finite Fields (Extended
               Abstract)},
  booktitle = {FOCS},
  year      = {1993},
  pages     = {616-625},
  crossref  = {DBLP:conf/focs/FOCS34},
  bibsource = {DBLP, http://dblp.uni-trier.de}
}

@proceedings{DBLP:conf/focs/FOCS34,
  title     = {34th Annual Symposium on Foundations of Computer Science,
               3-5 November 1993, Palo Alto, California, USA},
  booktitle = {FOCS},
  publisher = {IEEE},
  year      = {1993},
  bibsource = {DBLP, http://dblp.uni-trier.de}
}
@inproceedings{HuangW98,
  author    = {Ming-Deh A. Huang and
               Yiu-Chung Wong},
  title     = {An Algorithm for Approximate Counting of Points on Algebraic
               Sets over Finite Fields},
  booktitle = {ANTS},
  year      = {1998},
  pages     = {514-527},
  ee        = {http://link.springer.de/link/service/series/0558/bibs/1423/14230514.htm},
  crossref  = {DBLP:conf/ants/1998},
  bibsource = {DBLP, http://dblp.uni-trier.de}
}

@proceedings{DBLP:conf/ants/1998,
  editor    = {Joe Buhler},
  title     = {Algorithmic Number Theory, Third International Symposium,
               ANTS-III, Portland, Oregon, USA, June 21-25, 1998, Proceedings},
  booktitle = {ANTS},
  publisher = {Springer},
  series    = {Lecture Notes in Computer Science},
  volume    = {1423},
  year      = {1998},
  isbn      = {3-540-64657-4},
  bibsource = {DBLP, http://dblp.uni-trier.de}
}

@inproceedings{GK91,
  author    = {Dima Grigoriev and
               Marek Karpinski},
  title     = {An Approximation Algorithm for the Number of Zeros of Arbitrary
               Polynomials over {GF}[q]},
  booktitle = {Proc. 32nd Annual IEEE Symposium on Foundations of Computer Science},
  year      = {1991},
  pages     = {662-669},
  crossref  = {DBLP:conf/focs/FOCS32},
  bibsource = {DBLP, http://dblp.uni-trier.de}
}

@proceedings{DBLP:conf/focs/FOCS32,
  title     = {32nd Annual Symposium on Foundations of Computer Science,
               1-4 October 1991, San Juan, Puerto Rico},
  booktitle = {FOCS},
  publisher = {IEEE},
  year      = {1991},
  bibsource = {DBLP, http://dblp.uni-trier.de}
}

@article{KarpinskiL93,
  author    = {Marek Karpinski and
               Michael Luby},
  title     = {Approximating the Number of Zeroes of a {GF}[2] Polynomial},
  journal   = {J. Algorithms},
  volume    = {14},
  number    = {2},
  year      = {1993},
  pages     = {280-287},
  bibsource = {DBLP, http://dblp.uni-trier.de}
}
@article{GrigorievKS90,
  author    = {Dima Grigoriev and
               Marek Karpinski and
               Michael F. Singer},
  title     = {Fast Parallel Algorithms for Sparse Multivariate Polynomial
               Interpolation over Finite Fields},
  journal   = {SIAM J. Comput.},
  volume    = {19},
  number    = {6},
  year      = {1990},
  pages     = {1059-1063},
  bibsource = {DBLP, http://dblp.uni-trier.de}
}

@book{Weil48,
  author    = {Andr\'e Weil},
  title  = {Sur les courbes alg\'ebriques et les vari\'et\'es qui s'en d\'eduisent},
  publisher = {Hermann},
  year      = {1948},
  }


@book{Lint88,
  author    = {J van Lint et al},
  title  = {Introduction to Coding Theory and Algebraic Geometry},
  publisher = {Springer},
  year      = {1988},
  }

@book{AdlemanHuang92,
  author    = {Leonard M. Adleman and Ming-Deh A Huang},
  title     = {Primality testing and {A}belian varieties over finite fields},
  series   = {Lecture notes in mathematics},
  volume    = {1512},
  year      = {1992},
  publisher = {Springer},
  bibsource = {DBLP, http://dblp.uni-trier.de}
}

@article{schoof85,

author = {Schoof, R.},
title = {Elliptic curves over finite fields and the computation of square roots mod p},
journal = {Math. Comp.},
volume = {44},
number ={170},
pages={483-494},
year = {1985},

}




@inproceedings{GK86,
  author    = {Shafi Goldwasser and
               Joe Kilian},
  title     = {Almost All Primes Can Be Quickly Certified},
  booktitle = {Proc. 18th Annual ACM Symposium on Theory of Computing},
  year      = {1986},
  pages     = {316-329},
  crossref  = {DBLP:conf/stoc/STOC18},
  bibsource = {DBLP, http://dblp.uni-trier.de}
}

@proceedings{DBLP:conf/stoc/STOC18,
  title     = {Proceedings of the Eighteenth Annual ACM Symposium on Theory
               of Computing, 28-30 May 1986, Berkeley, California, USA},
  booktitle = {STOC},
  publisher = {ACM},
  year      = {1986},
  bibsource = {DBLP, http://dblp.uni-trier.de}
}

@article{Ashish,

author = {Carla P. Gomes, Ashish Sabharwal, Bart Selman},
title = {Model Counting},
journal = {Handbook of Satisfiability},
publisher = {IOS Press},
year = {2008},

}

@article{Toda,

author = {Seinosuke Toda},
title = {{PP} is as hard as the polynomial-time hierarchy},
journal = {SIAM J. Comp.},
volume = {20},
number = {5},
pages ={865 - 877},
year = {1991}

}

@article{Pil90,

title={Frobenius maps of {A}belian varieties and finding roots of unity in finite fields},
author={J. Pila},
journal={Math. Comp.},
volume={55},
number = {192},
pages = {745-763},
year={1990}

}


@inproceedings{GaudryH00,
  author    = {Pierrick Gaudry and
               Robert Harley},
  title     = {Counting Points on Hyperelliptic Curves over Finite Fields},
  booktitle = {ANTS},
  year      = {2000},
  pages     = {313-332},
  crossref  = {DBLP:conf/ants/2000},
  bibsource = {DBLP, http://dblp.uni-trier.de}
}

@proceedings{DBLP:conf/ants/2000,
  editor    = {Wieb Bosma},
  title     = {Algorithmic Number Theory, 4th International Symposium,
               ANTS-IV, Leiden, The Netherlands, July 2-7, 2000, Proceedings},
  booktitle = {ANTS},
  publisher = {Springer},
  series    = {Lecture Notes in Computer Science},
  volume    = {1838},
  year      = {2000},
  isbn      = {3-540-67695-3},
  bibsource = {DBLP, http://dblp.uni-trier.de}
}


@book{compalgebra,

title = {Modern Computer Algebra},
author = {J. Gathen and J. Gerhard},
publisher = {Cambridge University Press},
year = {1999}
}

@book{Lang,

title = {Algebra},
author = {Serge Lang},
publisher = {Springer},
edition = {3rd},
year = {2005},
}

@book{ideals,

title = {Ideals, Varieties, and Algorithms},
author = {David Cox and John Little and Donal O'Shea},
publisher = {Springer},
year = {1997}
}

@book{using,

title= {Using Algebraic Geometry},
author = {David Cox and John Little and Donal O'Shea},
publisher = {Springer},
year = {2005}
}

@article{germ,
  author = {R. Germundsson},
  title = {Basic results on ideals and varieties in finite fields},
  journal = {Technical Report LiTH-ISY-I-1259, Linkoping
    University, S-581 83},
  year = {1991},
}

@inproceedings{KuhnleM96,
  author    = {Klaus K{\"u}hnle and
               Ernst W. Mayr},
  title     = {Exponential Space Computation of {G}r{\"o}bner {B}ases},
  booktitle = {Proc. ISSAC},
  year      = {1996},
  pages     = {63-71},
  ee        = {http://doi.acm.org/10.1145/236869.236900},
  bibsource = {DBLP, http://dblp.uni-trier.de}
}

@inproceedings{Buchberger83,
  author    = {Bruno Buchberger},
  title     = {A note on the complexity of constructing {G}r{\"o}bner-Bases},
  booktitle = {EUROCAL},
  year      = {1983},
  pages     = {137-145},
  crossref  = {DBLP:conf/eurocal/1983},
  bibsource = {DBLP, http://dblp.uni-trier.de}
}

@proceedings{DBLP:conf/eurocal/1983,
  editor    = {J. A. van Hulzen},
  title     = {Computer Algebra, EUROCAL '83, European Computer Algebra
               Conference, London, England, March 28-30, 1983, Proceedings},
  booktitle = {EUROCAL},
  publisher = {Springer},
  series    = {Lecture Notes in Computer Science},
  volume    = {162},
  year      = {1983},
  isbn      = {3-540-12868-9},
  bibsource = {DBLP, http://dblp.uni-trier.de}
}

@inproceedings{beame,
  author    = {Paul Beame and
               Russell Impagliazzo and
               Jan Krajicek and
               Toniann Pitassi and
               Pavel Pudlak},
  title     = {Lower Bound on {H}ilbert's {N}ullstellensatz and propositional
               proofs},
  booktitle = {Proc. 35th Annual IEEE Symposium on Foundations of Computer Science},
  year      = {1994},
  pages     = {794-806},
  bibsource = {DBLP, http://dblp.uni-trier.de}
}

@proceedings{DBLP:conf/focs/FOCS35,
  title     = {35th Annual IEEE Symposium on Foundations of Computer Science,
               20-22 November 1994, Santa Fe, New Mexico, USA},
  booktitle = {FOCS},
  publisher = {IEEE},
  year      = {1994},
  bibsource = {DBLP, http://dblp.uni-trier.de}
}

@inproceedings{Clegg,
  author    = {Matthew Clegg and
               Jeff Edmonds and
               Russell Impagliazzo},
  title     = {Using the {G}roebner {B}asis Algorithm to Find Proofs of Unsatisfiability},
  booktitle = {Proc. 28th Annual ACM Symposium on Theory of Computing},
  year      = {1996},
  pages     = {174-183},
  ee        = {http://doi.acm.org/10.1145/237814.237860},
  bibsource = {DBLP, http://dblp.uni-trier.de}
}
@article{Kalorkoti01,
  author    = {K. Kalorkoti},
  title     = {Counting and {G}r{\"o}bner {B}ases},
  journal   = {J. Symb. Comput.},
  volume    = {31},
  number    = {3},
  year      = {2001},
  pages     = {307-313},
  bibsource = {DBLP, http://dblp.uni-trier.de}
}

@article{buchberger76,

author = {Bruno Buchberger},
title = {A theoretical basis for the reduction of polynomials to canonical forms},
journal = {{ACM} {SIGSAM} Bulletin},
volume = {10},
number = {3},
pages = {19-29},
year ={1976},

}

@book{grobnerbook,

title ={Gr\"obner Bases},
author = {Thomas Becker and Volker Weispfenning},
publisher = {Springer},
year = {1998}
}

@article{bud,

title = {Complexity of {B}uchberger's algorithm for {G}robner {B}ases},
author = {Thomas W. Dub\'e and Bud Mishra and Chee-K. K. Yap},
journal = {Technical Report, http://cs.nyu.edu/mishra/PUBLICATIONS/89.dmy-1.ps},
year ={1995},

}
