@article{mr-pals-journal,
	Author = {K. Bae and J. Meseguer and P. C. {\"O}lveczky},
	Date-Added = {2014-01-27 20:01:19 +0000},
	Date-Modified = {2014-01-27 20:01:19 +0000},
	Journal = {Science of Computer Programming},
	volume = {91, Part A},
	pages = {3 -- 44},
	Title = {Formal Patterns for Multirate Distributed Real-Time Systems},
	Year = {2014}}
	

@article{ftscs-journal,
	Author = {K. Bae and J. Krisiloff and J. Meseguer and P. C. {\"O}lveczky},
	Date-Modified = {2014-04-08 00:53:58 +0000},
	Title = {Designing and Verifying Distributed Cyber-Physical Systems using {Multirate} {PALS}: An Airplane Turning Control System Case Study},
	Journal = {Science of Computer Programming},
	doi = {http://dx.doi.org/10.1016/j.scico.2014.09.011},
	Note = {Article in press, \url{http://dx.doi.org/10.1016/j.scico.2014.09.011}},
	Year = {2014}}

	
	
@inproceedings{pals-rtss09,
	Author = {A. Al-Nayeem and M. Sun and X. Qiu and L. Sha and S. P. Miller and D. D. Cofer},
	Booktitle = {RTSS},
	Date-Added = {2014-01-27 19:58:34 +0000},
	Date-Modified = {2014-01-27 21:05:41 +0000},
	OPTEditor = {Theodore P. Baker},
	Isbn = {978-0-7695-3875-4},
	Pages = {161-170},
	Publisher = {IEEE},
	Title = {A Formal Architecture Pattern for Real-Time Distributed Systems},
	Year = {2009}}
	
@article{pals-tcs,
	Author = {J. Meseguer and P. C. {\"O}lveczky},
	Journal = {Theoretical Computer Science},
	Optdoi = {10.1016/j.tcs.2012.05.040},
	Pages = {1-37},
	Title = {Formalization and correctness of the {PALS} architectural pattern for distributed real-time systems},
	Volume = {451},
	Year = {2012}}
	

@article{hybridaut,
        author="R. Alur and C. Courcoubetis and N. Halbwachs and
                  T. A. Henzinger and P.-H. Ho and X. Nicollin and
                  A. Olivero and J. Sifakis and S. Yovine",
        title="The algorithmic analysis of hybrid systems",
          journal = tcs,
        volume=138,
        year=1995,
        pages="3-34"
}

@inproceedings{chaki2013compositional,
  title={Compositional Sequentialization of Periodic Programs},
  author={Chaki, Sagar and Gurfinkel, Arie and Kong, Soonho and Strichman, Ofer},
  booktitle={VMCAI},
  pages={536--554},
  year={2013},
  organization={Springer}
}

@article{journ-rtm,
	Author = {P. C. {\"O}lveczky and J. Meseguer},
	Date-Added = {2014-01-27 20:00:52 +0000},
	Date-Modified = {2014-01-27 20:00:53 +0000},
	Journal = {Higher-Order and Symbolic Computation},
	Number = {1-2},
	Optmonth = {June},
	Pages = {161-196},
	Publisher = {Springer Verlag},
	Title = {Semantics and Pragmatics of {Real-Time Maude}},
	Volume = {20},
	Year = {2007}}

@incollection{loos-hscc13,
 author = {Loos, Sarah M. and Renshaw, David and Platzer, Andr{\'e}},
 title = {Formal verification of distributed aircraft controllers},
 booktitle = {Proc.\ HSCC'13},
 year = {2013},
 isbn = {978-1-4503-1567-8},
 location = {Philadelphia, Pennsylvania, USA},
 pages = {125--130},
 numpages = {6},
 OPTdoi = {10.1145/2461328.2461350},
 acmid = {2461350},
 publisher = {ACM},
 OPTaddress = {New York, NY, USA}
} 

@book{anderson2005introduction,
  title={Introduction to flight},
  author={Anderson, J.D.},
  OPTvolume={199},
  year={2005},
  publisher={McGraw-Hill}
}

@article{lynch2003hybrid,
  title={Hybrid i/o automata},
  author={Lynch, Nancy and Segala, Roberto and Vaandrager, Frits},
  journal={Information and Computation},
  volume={185},
  number={1},
  pages={105--157},
  year={2003},
  publisher={Elsevier}
}
  
 @book{lynch-book,
	Author = {Nancy Ann Lynch},
	Date-Added = {2014-01-27 19:57:45 +0000},
	Date-Modified = {2014-05-14 17:13:21 +0000},
	Publisher = {Morgan Kaufmann},
	Title = {Distributed Algorithms},
	Year = 1996
}