@article{DBLP:journals/corr/GaoKCC14,
  author    = {Sicun Gao and
               Soonho Kong and
               Wei Chen and
               Edmund M. Clarke},
  title     = {Delta-Complete Analysis for Bounded Reachability of Hybrid Systems},
  journal   = {CoRR},
  year      = 2014,
  volume    = {abs/1404.7171},
  url       = {http://arxiv.org/abs/1404.7171},
  timestamp = {Tue, 07 Oct 2014 10:10:36 +0200},
  biburl    = {http://dblp.uni-trier.de/rec/bib/journals/corr/GaoKCC14},
  bibsource = {dblp computer science bibliography, http://dblp.org}
}

@INPROCEEDINGS{Henzinger95what'sdecidable,
    author = {Thomas A. Henzinger and Peter W. Kopke and Anuj Puri and Pravin Varaiya},
    title = {What's Decidable about Hybrid Automata?},
    booktitle = {Journal of Computer and System Sciences},
    year = 1995,
    pages = {373--382},
    publisher = {ACM Press}
}

@ARTICLE{Alur95thealgorithmic,
    author = {R. Alur and C. Courcoubetis and N. Halbwachs and T. A. Henzinger and P.-H. Ho and X. Nicollin and A. Olivero and J. Sifakis and S. Yovine},
    title = {The algorithmic analysis of hybrid systems},
    journal = {THEORETICAL COMPUTER SCIENCE},
    year = 1995,
    volume = 138,
    pages = {3--34}
}

@inproceedings{DBLP:conf/cade/GaoKC13,
  author    = {Sicun Gao and
               Soonho Kong and
               Edmund M. Clarke},
  title     = {dReal: An SMT Solver for Nonlinear Theories over the Reals},
  booktitle = {CADE},
  year      = {2013},
  pages     = {208-214},
  ee        = {http://dx.doi.org/10.1007/978-3-642-38574-2_14},
  crossref  = {DBLP:conf/cade/2013},
  bibsource = {DBLP, http://dblp.uni-trier.de}
}
