%% This BibTeX bibliography file was created using BibDesk.
%% http://bibdesk.sourceforge.net/


%% Created for Bing Liu at 2013-04-12 06:54:33 -0400


%% Saved with string encoding Unicode (UTF-8)



@incollection{baldazzi11,
	Author = {Baldazzi, Valentina and Monteiro, Pedro T and Page, Michel and Ropers, Delphine and Geiselmann, Johannes and De Jong, Hidde},
	Booktitle = {Understanding the Dynamics of Biological Systems},
	Date-Added = {2013-04-12 06:50:04 -0400},
	Date-Modified = {2013-04-12 06:50:21 -0400},
	Pages = {111--130},
	Publisher = {Springer},
	Title = {Qualitative analysis of genetic regulatory networks in bacteria},
	Year = {2011}}

@incollection{lincoln04,
	Author = {Lincoln, Patrick and Tiwari, Ashish},
	Booktitle = {Hybrid Systems: Computation and Control},
	Date-Added = {2013-04-12 06:48:56 -0400},
	Date-Modified = {2013-04-12 06:49:12 -0400},
	Pages = {660--672},
	Publisher = {Springer},
	Title = {Symbolic systems biology: Hybrid modeling and analysis of biological networks},
	Year = {2004}}

@article{ye08,
	Author = {Ye, P and Entcheva, E and Smolka, SA and Grosu, R},
	Date-Added = {2013-04-12 06:47:20 -0400},
	Date-Modified = {2013-04-12 06:47:33 -0400},
	Journal = {Systems Biology, IET},
	Number = {1},
	Pages = {24--32},
	Publisher = {IET},
	Title = {Modelling excitable cells using cycle-linear hybrid automata},
	Volume = {2},
	Year = {2008}}

@article{aihara10,
	Author = {Aihara, Kazuyuki and Suzuki, Hideyuki},
	Date-Added = {2013-04-12 06:45:31 -0400},
	Date-Modified = {2013-04-12 06:45:38 -0400},
	Journal = {Philosophical Transactions of the Royal Society A: Mathematical, Physical and Engineering Sciences},
	Number = {1930},
	Pages = {4893--4914},
	Publisher = {The Royal Society},
	Title = {Theory of hybrid dynamical systems and its applications to biological and medical systems},
	Volume = {368},
	Year = {2010}}

@article{tomlin04,
	Author = {Ghosh, Ronojoy and Tomlin, Claire},
	Date-Added = {2013-04-12 06:44:06 -0400},
	Date-Modified = {2013-04-12 06:44:18 -0400},
	Journal = {Systems Biology},
	Number = {1},
	Pages = {170--183},
	Publisher = {IET},
	Title = {Symbolic reachable set computation of piecewise affine hybrid automata and its application to biological modelling: Delta-Notch protein signalling},
	Volume = {1},
	Year = {2004}}

@inproceedings{antoniotti03,
	Author = {Antoniotti, Marco and Mishra, Bhubaneswar and Piazza, Carla and Policriti, Alberto and Simeoni, Marta},
	Booktitle = {Computational Methods in Systems Biology},
	Date-Added = {2013-04-12 06:43:15 -0400},
	Date-Modified = {2013-04-12 06:44:25 -0400},
	Organization = {Springer},
	Pages = {57--74},
	Title = {Modeling cellular behavior with hybrid automata: Bisimulation and collapsing},
	Year = {2003}}

@inproceedings{henzinger96,
	Acmid = {788803},
	Address = {Washington, DC, USA},
	Author = {Henzinger, T. A.},
	Booktitle = {Proceedings of the 11th Annual IEEE Symposium on Logic in Computer Science},
	Date-Added = {2013-04-12 06:40:15 -0400},
	Date-Modified = {2013-04-12 06:52:58 -0400},
	Isbn = {0-8186-7463-6},
	Keywords = {discrete concurrent systems, finite automata, finite-state systems, hybrid automata theory, partly continuous systems, uncountable state spaces},
	Pages = {278--292},
	Publisher = {IEEE Computer Society},
	Series = {LICS '96},
	Title = {The theory of hybrid automata},
	Url = {http://dl.acm.org/citation.cfm?id=788018.788803},
	Year = {1996},
	Bdsk-Url-1 = {http://dl.acm.org/citation.cfm?id=788018.788803}}

@book{thecell,
	Author = {Bruce Alberts and Alexander Johnson and Julian Lewis and Martin Raff and Keith Roberts and Peter Walter.},
	Date-Added = {2013-04-12 06:34:50 -0400},
	Date-Modified = {2013-04-12 06:36:45 -0400},
	Edition = {4},
	Publisher = {New Tork: Garland Science},
	Title = {Molecular Biology of the Cell},
	Year = {2002}}

@article{liu11plos,
	Author = {Liu, Bing and Zhang, Jing and Tan, Pei Yi and Hsu, David and Blom, Anna M and Leong, Benjamin and Sethi, Sunil and Ho, Bow and Ding, Jeak Ling and Thiagarajan, PS},
	Date-Added = {2013-04-12 06:30:04 -0400},
	Date-Modified = {2013-04-12 06:30:20 -0400},
	Journal = {PLoS Computational Biology},
	Number = {1},
	Pages = {e1001059},
	Publisher = {Public Library of Science},
	Title = {A computational and experimental study of the regulatory mechanisms of the complement system},
	Volume = {7},
	Year = {2011}}

@inproceedings{gong11,
	Author = {Gong, Haijun and Zuliani, P and Wang, Qinsi and Clarke, EM},
	Booktitle = {Decision and Control and European Control Conference (CDC-ECC), 2011 50th IEEE Conference on},
	Date-Added = {2013-04-12 06:26:47 -0400},
	Date-Modified = {2013-04-12 06:27:56 -0400},
	Organization = {IEEE},
	Pages = {4855--4860},
	Title = {Formal analysis for logical models of pancreatic cancer},
	Year = {2011}}

@article{helikar08,
	Author = {Helikar, Tom{\'a}{\v{s}} and Konvalina, John and Heidel, Jack and Rogers, Jim A},
	Date-Added = {2013-04-12 06:24:49 -0400},
	Date-Modified = {2013-04-12 06:25:20 -0400},
	Journal = {Proceedings of the National Academy of Sciences},
	Number = {6},
	Pages = {1913--1918},
	Publisher = {National Acad Sciences},
	Title = {Emergent decision-making in biological signal transduction networks},
	Volume = {105},
	Year = {2008}}

@article{wholecell,
	Author = {Jonathan R. Karr and Jayodita C. Sanghvi and Derek N. Macklin and Miriam V. Gutschow and Jared M. Jacobs and Benjamin Bolival and Nacyra Assad-Garcia and John I. Glass and Markus W. Covert},
	Date-Added = {2013-04-12 06:18:21 -0400},
	Date-Modified = {2013-04-12 06:31:01 -0400},
	Journal = {Cell},
	Number = {2},
	Pages = {389-401},
	Title = {A whole-cell computational model predicts phenotype from genotype},
	Volume = {150},
	Year = {2012}}



@inproceedings{grosu11,
	Author = {Radu Grosu and Gregory Batt and Flavio H. Fenton and James Gilmm and Colas Le Guernic and Scott A. Smolka and Ezio Bartocci},
	Booktitle = {Computer Aided Verification},
	Date-Added = {2013-04-12 06:43:15 -0400},
	Date-Modified = {2013-04-12 06:44:25 -0400},
	Organization = {Springer},
	Pages = {1--15},
	Title = {From cardiac cells to genetic regulatory networks},
	Year = {2011}}

@article{orovio08,
	Author = {Alfonso Bueno-Orovio and Elizabeth M. Cherry and Flavio H. Fenton},
	Date-Added = {2013-04-12 06:18:21 -0400},
	Date-Modified = {2013-04-12 06:31:01 -0400},
	Journal = {Journal of Theoretical Biology},
	Pages = {544-560},
	Title = {Minimal model for human ventricular action potentials in tissue},
	Volume = {253},
	Year = {2008}}

@article{ideta08,
	Author = {Aiko Miyamura Ideta and Gouhei Tanaka and Takumi Takeuchi and Kazuyuki Aihara},
	Journal = {J. Nonlinear Sci.},
	Pages = {593--614},
	Title = {A mathematical model of intermittent androgen suppression for prostate cancer},
	Volume = {18},
	Year = {2008}}


@article{tanaka10,
	Author = {Gouhei Tanaka and Yoshito Hirata and S. Larry Goldenberg and Nicholas Bruchovsky and Kazuyuki Aihara},
	Date-Added = {2013-04-12 06:18:21 -0400},
	Date-Modified = {2013-04-12 06:31:01 -0400},
	Journal = {Philosophical Transactions of The Royal Society A: Mathematical, Physical and Engineering Sciences},
	Pages = {5029-5044},
	Title = {Mathematical modelling of prostate cancer growth and its application to hormone therapy},
	Volume = {368},
	Year = {2010}}

@article{hirata10,
	Author = {Yoshito Hirata and Nicholas Bruchovsky and Kazuyuki Aihara},
	Journal = {J. Theor. Biol.},
	Pages = {517--527},
	Title = {Development of a mathematical model that predicts the outcome of hormone therapy for prostate cancer},
	Volume = {264},
	Year = {2010}}


@article{suzuki10,
	Author = {Suzuki, T. and Bruchovsky, N. and Aihara K.},
	Journal = {Philos. Trans. A Math. Phys. Eng. Sci.},
	Pages = {5045--5059},
	Title = {Piecewise affine systems modelling for optimizing hormone therapy of prostate cancer},
	Volume = {368},
    Number = {1930},
	Year = {2010}}

@article{chaos10,
	Author = {Yoshito Hirata and {di Bernordo}, M. and Nicholas Bruchovsky and Kazuyuki Aihara},
	Journal = {Chaos},
	Pages = {045125},
	Title = {Hybrid optimal scheduling for intermittent androgen suppression of prostate cancer},
	Volume = {20},
    Number = {4},
	Year = {2010}}


@article{jackson04,
	Author = {T. L. Jackson},
	Journal = {Discrete Contin. Dyn. Syst. Ser. B},
	Pages = {187--201},
	Title = {A mathematical model of prostate tumor growth and androgen-independent relapse},
	Volume = {4},
	Year = {2004}}


@inproceedings{gao12a,
	Author = {Sicun Gao and Jeremy Avigad and Edmund M. Clarke},
	Booktitle = {IJCAR'12, Manchester, UK},
	Pages = {286-300},
	Title = {Delta-Complete Decision Procedures for Satisfiability over the Reals},
	Year = {2012}}

@inproceedings{gao12b,
	Author = {Sicun Gao and Jeremy Avigad and Edmund M. Clarke},
	Booktitle = {LICS'12, Dubrovnik, Croatic},
	Pages = {305--314},
	Title = {Delta-Decidability over the Reals},
	Year = {2012}}

@inproceedings{gao13,
	Author = {Sicun Gao and Soonho Kong and Edmund M. Clarke},
	Booktitle = {FMCAD'13, Portland, USA},
	Pages = {1--8},
	Title = {Satisfiability Modulo {ODE}s},
	Year = {2013}}


@inproceedings{dreal,
	Author = {Sicun Gao and Soonho Kong and Edmund M. Clarke},
	Booktitle = {CADE'13, Lake Placid, USA},
	Pages = {208--214},
	Title = {d{R}eal: An {SMT} Solver for Nonlinear Theories of Reals},
	Year = {2013}}

@BOOK{CAbook,
  author =       {Klaus Weihrauch},
  title =        {Computable Analysis: An Introduction},
  publisher =    {Springer},
  year =         {2000},
}


@article{brown,
	Author = {Brown, K. S. and Hill, C. C. and Calero, G. A. and Myers, C. R. and Lee, K. H. and Sethna, J. P. and Cerione, R. A.},
	Date-Added = {2013-04-12 06:18:21 -0400},
	Date-Modified = {2013-04-12 06:31:01 -0400},
	Journal = {Physical Biology},
	Pages = {184--195},
	Title = {The statistical mechanics of complex signaling networks: nerve growth factor signaling.},
	Volume = {3},
    Number = {4},
	Year = {2004}}

@article{cancerstat,
	Author = {Rebecca Siegel and Deepa Naishadham and Ahmedin Jemal},
	Journal = {CA. Cancer J. Clin.},
	Pages = {11--30},
	Title = {Cancer Statistics, 2013},
	Volume = {63},
	Year = {2013}}

@article{nru,
	Author = {Nicholas C. Buchan and S. Larry Goldenberg},
	Journal = {Nat. Rev. Urol.},
	Pages = {552--560},
	Title = {Intermittent androgen suppression for prostate cancer},
	Volume = {7},
	Year = {2010}}

@article{bruchovsky95,
	Author = {Bruchovsky, N. and Goldenberg, S. L. and Rennie, P. S. and Gleave M. E.},
	Journal = {Urologe A},
	Pages = {389--392},
	Title = {Theoretical considerations and initial clinical results of intermittent hormone treatment of patients with advanced prostatic carcinoma},
	Volume = {34},
	Year = {1995}}

@article{bruchovsky06,
	Author = {Bruchovsky, N. and Klotz, L. and Crook, J. and Malone, S. and Ludgte, C. and Morris, W. and Gleave, M. E. and Goldenberg, S. L. and Rennie, P. S.},
	Journal = {Cancer},
	Pages = {389--395},
	Title = {Final Results of the Canadian Prospective Phase {II} Trial of Intermittent Androgen Suppression for Men in Biochemical Recurrence after Radiotherapy for Locally Advanced Prostate Cancer},
	Volume = {107},
	Year = {2006}}


@article{bruchovsky07,
	Author = {Bruchovsky, N. and Klotz, L. and Crook, J. and Malone, S. and Ludgte, C. and Morris, W. and Gleave, M. E. and Goldenberg, S. L. and Rennie, P. S.},
	Journal = {Cancer},
	Pages = {858--867},
	Title = {Locally Advanced Prostate Cancer—Biochemical Results From a Prospective Phase {II} Study of Intermittent Androgen Suppression for Men With Evidence of Prostate-Specific Antigen Recurrence After Radiotherapy},
	Volume = {109},
	Year = {2007}}

@article{berges95,
	Author = {R.R. Berges and J. Vukanovic and J.I. Epstein and M. CarMichel and L. Cisek and D.E. Johnson and R.W. Veltri and P.C. Walsh and J.T. Isaacs},
	Journal = {Clin. Cancer Res.},
	Pages = {473--480},
	Title = {Implication of cell kinetic changes during the progression of human prostatic cancer},
	Volume = {1},
    Number = {5},
	Year = {1995}}


@article{pnas11,
	Author = {Harsh Vardhan Jain and Steven K. Clinton and Arvinder Bhinder and Avner Friedman},
	Journal = {P. Natl. Acad. Sci. USA.},
	Pages = {19701--19706},
	Title = {Mathematical modeling of prostate cancer progression in response to androgen ablation therapy},
	Volume = {108},
    Number = {49},
	Year = {2011}}

@INBOOK{book13,
  author =       {Gerhard Hamilton and Gerhard Theyer},
  title =        {Advances in Prostate Cancer},
  chapter =      {13},
  pages =        {305--330},
  publisher =    {INTECH},
  year =         {2013},
}


@article{rovergene,
	Author = {G. Batt and C. belta and R. Weiss},
	Journal = {IEEE T. Automat. Contr.},
	Pages = {215--229},
	Title = {Temporal logic analysis of gene networks under parameter uncertainty},
	Volume = {53},
	Year = {2008}}

	
@article{hfpn,
	Author = {Matsuno, H. and Tanaka, Y. and Aoshima, H. and Doi, A. and Matsui, M. and Miyano, S.},
	Journal = {In Silico Biol.},
	Pages = {389--404},
	Title = {Biopathways Representation and Simulation on Hybrid Functional Petri Net},
	Volume = {3},
	Number = {3},
	Year = {2003}}	
	
@inproceedings{liu13,
	Author = {S. Palaniappan and B. Gyori and B. Liu and D. Hsu and P. S. Thiagarajan},
	Booktitle = {CMSB'13, Klosterneuburg, Austria},
	Pages = {120--134},
	Title = {Statistical Model Checking Based Calibration and Analysis of Bio-pathway Models},
	Year = {2013}}


@article{donze,
	Author = {Alexandre Donze and Gilles Clermont and Christopher J. Langmead},
	Journal = {J Comput. Biol.},
	Pages = {325--336},
	Title = {Parameter Synthesis in Nonlinear Dynamical Systems: Application to Systems Biology},
	Volume = {17},
	Number = {3},
	Year = {2010}}	

@book{clarkebook,
 author               = {Edmund M. Clarke and Orna Grumberg and Doron A. Peled},
 publisher            = {MIT Press},
 title                = {Model Checking},
 year                 = {1999},
 }
	
@inproceedings{alur,
	Author = {Rajeev Alur},
	Booktitle = {EMSOFT’11, Taipei, Taiwan},
	Pages = {1--6},
	Title = {Formal Verification of Hybrid Systems},
	Year = {2011}}

@inproceedings{clarke08,
 author               = {Edmund M. Clarke and James R. Faeder and Christopher James Langmead and Leonard A. Harris and Sumit Kumar Jha and Axel Legay},
 booktitle            = {CMSB'08},
 pages                = {231-250},
 title                = {Statistical Model Checking in {B}io{L}ab: Applications to the Automated Analysis of {T}-{C}ell Receptor Signaling Pathway},
 year                 = {2008},
 }
 
 @article{kwiatkowska08,
 author               = {Marta Kwiatkowska and Gethin Norman and David Parker},
 journal              = {{SIGMETRICS} Perform. Eval. Rev.},
 number               = {4},
 pages                = {14--21},
 title                = {Using probabilistic model checking in systems biology},
 url                  = {http://portal.acm.org/citation.cfm?id=1364644.1364651},
 volume               = {35},
 year                 = {2008},
 }
 
 @article{miyano11,
 author               = {Chen Li and Masao Nagasaki and Chuan Hock Koh and Satoru Miyano},
 journal              = {Mol. Biosyst.},
 number               = {S10},
 pages                = {1-13},
 title                = {Online model checking approach based parameter estimation to a neuronal fate decision simulation model in {C}aenorhabditis elegans with hybrid functional {P}etri net with extension},
 volume               = {11(Suppl 7)},
 year                 = {2010},
 }
 
 @article{chabrier04,
 author               = {Nathalie {Chabrier-Rivier} and Marc Chiaverini and Vincent Danos and FranÃ§ois Fages and Vincent SchÃ¤chter},
 journal              = {Theor. Comput. Sci.},
 month                = {sep},
 number               = {1},
 pages                = {25--44},
 title                = {Modeling and querying biomolecular interaction networks},
 volume               = {325},
 year                 = {2004},
 }


 @article{liu13jbcb,
 author               = {Bing Liu and P.S. Thiagarajan},
 journal              = {Journal of Bioinformatics and Computational Biology},
 number               = {4},
 pages                = {1231001},
 title                = {Modeling and analysis of biopathways dynamics},
 volume               = {10},
 year                 = {2012},
 }



@Inproceedings{girard2006efficient,
  title={Efficient computation of reachable sets of linear time-invariant systems with inputs},
  author={Girard, Antoine and Le Guernic, Colas and Maler, Oded},
  booktitle={HSCC'06},
  pages={257--271},
  year={2006},
}

@Inproceedings{frehse2005phaver,
  title={PHAVer: Algorithmic verification of hybrid systems past HyTech},
  author={Frehse, Goran},
  booktitle={HSCC'05},
  pages={258--273},
  year={2005},
}

@article{alur2000discrete,
  title={Discrete abstractions of hybrid systems},
  author={Alur, Rajeev and Henzinger, Thomas A and Lafferriere, Gerardo and Pappas, George J},
  journal={P. IEEE},
  volume={88},
  number={7},
  pages={971--984},
  year={2000},
  publisher={IEEE}
}

@Inproceedings{clarke2003verification,
  title={Verification of hybrid systems based on counterexample-guided abstraction refinement},
  author={Clarke, Edmund and Fehnker, Ansgar and Han, Zhi and Krogh, Bruce and Stursberg, Olaf and Theobald, Michael},
  booktitle={TACAS'03},
  pages={192--207},
  year={2003},
}

@Inproceedings{agrawal2006behavioural,
  title={Behavioural approximations for restricted linear differential hybrid automata},
  author={Agrawal, Manindra and Stephan, Frank and Thiagarajan, PS and Yang, Shaofa},
  booktitle={HSCC'06},
  pages={4--18},
  year={2006},
}

@article{henzinger1999discrete,
  title={Discrete-time control for rectangular hybrid automata},
  author={Henzinger, Thomas A and Kopke, Peter W},
  journal={Theor. Comput. Sci.},
  volume={221},
  number={1},
  pages={369--392},
  year={1999},
}


@article{liu12bioinfo,
 author               = {Liu, Bing and Hagiescu, Andrei and Palaniappan, Sucheendra K. and Chattopadhyay, Bipasa and Cui, Zheng and Wong, {Weng-Fai} and Thiagarajan, P. S.},
 journal              = {Bioinformatics},
 number               = {11},
 pages                = {1508--1516},
 title                = {Approximate probabilistic analysis of biopathway dynamics},
 volume               = {28},
 year                 = {2012},
 }

@incollection{luca08,
year={2008},
isbn={978-3-540-68892-1},
booktitle={Formal Methods for Computational Systems Biology},
volume={5016},
series={Lecture Notes in Computer Science},
editor={Bernardo, Marco and Degano, Pierpaolo and Zavattaro, Gianluigi},
doi={10.1007/978-3-540-68894-5_12},
title={Hybrid Systems and Biology},
url={http://dx.doi.org/10.1007/978-3-540-68894-5_12},
publisher={Springer Berlin Heidelberg},
author={Bortolussi, Luca and Policriti, Alberto},
pages={424-448}
}
