@article{mr-pals-journal,
        Author = {K. Bae and J. Meseguer and P. C. {\"O}lveczky},
        Date-Added = {2014-01-27 20:01:19 +0000},
        Date-Modified = {2014-01-27 20:01:19 +0000},
        Journal = {Science of Computer Programming},
        volume = {91, Part A},
        pages = {3 -- 44},
        Title = {Formal Patterns for Multirate Distributed Real-Time Systems},
        Year = {2014}}


@article{ftscs-journal,
        Author = {K. Bae and J. Krisiloff and J. Meseguer and P. C. {\"O}lveczky},
        Date-Modified = {2014-04-08 00:53:58 +0000},
        Note = {To appear},
        Title = {Designing and Verifying Distributed Cyber-Physical Systems using {Multirate} {PALS}: An Airplane Turning Control System Case Study},
        Journal = {Science of Computer Programming},
        Year = {2014}}


@inproceedings{pals-rtss09,
        Author = {A. Al-Nayeem and M. Sun and X. Qiu and L. Sha and S. P. Miller and D. D. Cofer},
        Booktitle = {RTSS},
        Date-Added = {2014-01-27 19:58:34 +0000},
        Date-Modified = {2014-01-27 21:05:41 +0000},
        OPTEditor = {Theodore P. Baker},
        Isbn = {978-0-7695-3875-4},
        Pages = {161-170},
        Publisher = {IEEE},
        Title = {A Formal Architecture Pattern for Real-Time Distributed Systems},
        Year = {2009}}

@article{pals-tcs,
        Author = {J. Meseguer and P. C. {\"O}lveczky},
        Journal = {Theoretical Computer Science},
        Optdoi = {10.1016/j.tcs.2012.05.040},
        Optnote = {Article in press, \url{http://dx.doi.org/10.1016/j.tcs.2012.05.040}},
        Pages = {1-37},
        Title = {Formalization and correctness of the {PALS} architectural pattern for distributed real-time systems},
        Volume = {451},
        Year = {2012}}


@article{hybridaut,
        author="R. Alur and C. Courcoubetis and N. Halbwachs and
                  T. A. Henzinger and P.-H. Ho and X. Nicollin and
                  A. Olivero and J. Sifakis and S. Yovine",
        title="The algorithmic analysis of hybrid systems",
          journal = tcs,
        volume=138,
        year=1995,
        pages="3-34"
}

@book{henzinger2000theory,
  title={The theory of hybrid automata},
  author={Henzinger, Thomas A},
  year={2000},
  publisher={Springer}
}

@article{journ-rtm,
        Author = {P. C. {\"O}lveczky and J. Meseguer},
        Date-Added = {2014-01-27 20:00:52 +0000},
        Date-Modified = {2014-01-27 20:00:53 +0000},
        Journal = {Higher-Order and Symbolic Computation},
        Number = {1-2},
        Optmonth = {June},
        Pages = {161-196},
        Publisher = {Springer Verlag},
        Title = {Semantics and Pragmatics of {Real-Time Maude}},
        Volume = {20},
        Year = {2007}}


@inproceedings{chaki2013compositional,
  title={Compositional Sequentialization of Periodic Programs},
  author={Chaki, Sagar and Gurfinkel, Arie and Kong, Soonho and Strichman, Ofer},
  booktitle={VMCAI},
  pages={536--554},
  year={2013},
  organization={Springer}
}

@incollection{loos-hscc13,
 author = {Loos, Sarah M. and Renshaw, David and Platzer, Andr{\'e}},
 title = {Formal verification of distributed aircraft controllers},
 booktitle = {Proc.\ HSCC'13},
 year = {2013},
 isbn = {978-1-4503-1567-8},
 location = {Philadelphia, Pennsylvania, USA},
 pages = {125--130},
 numpages = {6},
 OPTdoi = {10.1145/2461328.2461350},
 acmid = {2461350},
 publisher = {ACM},
 OPTaddress = {New York, NY, USA}
}

@article{lynch2003hybrid,
  title={Hybrid {I/O} automata},
  author={Lynch, Nancy and Segala, Roberto and Vaandrager, Frits},
  journal={Information and Computation},
  volume={185},
  number={1},
  pages={105--157},
  year={2003},
  publisher={Elsevier}
}

@book{anderson2005introduction,
  title={Introduction to flight},
  author={Anderson, J.D.},
  OPTvolume={199},
  year={2005},
  publisher={McGraw-Hill}
}


 @book{lynch-book,
        Author = {Nancy Ann Lynch},
        Date-Added = {2014-01-27 19:57:45 +0000},
        Date-Modified = {2014-05-14 17:13:21 +0000},
        Publisher = {Morgan Kaufmann},
        Title = {Distributed Algorithms},
        Year = 1996
}


@inproceedings{dReal,
  author    = {Sicun Gao and
               Soonho Kong and
               Edmund M. Clarke},
  title     = {{dReal}: An {SMT} Solver for Nonlinear Theories over the Reals},
  booktitle = {CADE},
  year      = {2013},
  pages     = {208--214},
  series    = {Lecture Notes in Computer Science},
  volume    = {7898},
  publisher = {Springer}
}

@inproceedings{dReach,
  author    = {Soonho Kong and
               Sicun Gao and
               Wei Chen and
               Edmund M. Clarke},
  title     = {{dReach}: $\delta$-Reachability Analysis for Hybrid Systems},
  booktitle = {TACAS},
  year      = {2015},
  pages     = {to appear},
  @Comment series    = {Lecture Notes in Computer Science},
  @Comment volume    = {7898},
  @Comment publisher = {Springer}
}

@inproceedings{delta-comp,
  author    = {Sicun Gao and
               Jeremy Avigad and
               Edmund M. Clarke},
  title     = {{\(\delta\)}-Complete Decision Procedures for Satisfiability over the Reals},
  booktitle = {IJCAR},
  year      = {2012},
  pages     = {286--300},
  series    = {Lecture Notes in Computer Science},
  volume    = {7364},
  publisher = {Springer}
}

@inproceedings{sat-ode,
  author    = {Sicun Gao and
               Soonho Kong and
               Edmund M. Clarke},
  title     = {Satisfiability modulo ODEs},
  booktitle = {FMCAD},
  year      = {2013},
  pages     = {105--112},
  publisher = {{IEEE}}
}

@incollection{kowalewski1999case,
  title={A case study in tool-aided analysis of discretely controlled continuous systems: the two tanks problem},
  author={Kowalewski, Stefan and Stursberg, Olaf and Fritz, Martin and Graf, Holger and Hoffmann, Ingo and Preu{\ss}ig, J{\"o}rg and Remelhe, Manuel and Simon, Silke and Treseler, Heinz},
  booktitle={Hybrid Systems V},
  pages={163--185},
  year={1999},
  publisher={Springer}
}

@incollection{raisch1999approximating,
  title={Approximating Automata and Discrete Control for Continuous Systems — Two Examples from Process Control},
  author={Raisch, Jörg and Klein, Eberhard and Meder, Christian and Itigin, Alexander and O’Young, Siu},
  booktitle={Hybrid systems V},
  pages={279--303},
  year={1999},
  publisher={Springer}
}

@article{platzer2008differential,
  title={Differential dynamic logic for hybrid systems},
  author={Platzer, Andr{\'e}},
  journal={Journal of Automated Reasoning},
  volume={41},
  number={2},
  pages={143--189},
  year={2008},
  publisher={Springer}
}

@book{allerton2009principles,
  title={Principles of flight simulation},
  author={Allerton, David},
  year={2009},
  publisher={John Wiley \& Sons}
}

@book{stevens2003aircraft,
  title={Aircraft control and simulation},
  author={Stevens, Brian L and Lewis, Frank L},
  year={2003},
  publisher={John Wiley \& Sons}
}

@article{fox2012plan,
  title={Plan-based policies for efficient multiple battery load management},
  author={Fox, Maria and Long, Derek and Magazzeni, Daniele and Velez, J and Hemann, G and Huang, AS and Posner, I and Roy, N and Planken, LR and de Weerdt, MM and others},
  journal={Journal of Artificial Intelligence Research},
  pages={335--382},
  year={2012}
}


@article{DBLP:journals/fmsd/FranzleH07,
  author    = {Martin Fr{\"{a}}nzle and
               Christian Herde},
  title     = {HySAT: An efficient proof engine for bounded model
checking of hybrid
               systems},
  journal   = {Formal Methods in System Design},
  volume    = {30},
  number    = {3},
  pages     = {179--198},
  year      = {2007},
  url       = {http://dx.doi.org/10.1007/s10703-006-0031-0},
  doi       = {10.1007/s10703-006-0031-0},
  timestamp = {Tue, 11 Sep 2007 08:05:09 +0200},
  biburl    = {http://dblp.uni-trier.de/rec/bib/journals/fmsd/FranzleH07},
  bibsource = {dblp computer science bibliography, http://dblp.org}
}

@inproceedings{DBLP:conf/cav/FrehseGDCRLRGDM11,
  author    = {Goran Frehse and
               Colas Le Guernic and
               Alexandre Donz{\'{e}} and
               Scott Cotton and
               Rajarshi Ray and
               Olivier Lebeltel and
               Rodolfo Ripado and
               Antoine Girard and
               Thao Dang and
               Oded Maler},
  title     = {SpaceEx: Scalable Verification of Hybrid Systems},
  booktitle = {Computer Aided Verification - 23rd International
Conference, {CAV}
               2011, Snowbird, UT, USA, July 14-20, 2011. Proceedings},
  pages     = {379--395},
  year      = {2011},
  url       = {http://dx.doi.org/10.1007/978-3-642-22110-1_30},
  doi       = {10.1007/978-3-642-22110-1_30},
  timestamp = {Mon, 11 Jul 2011 13:24:02 +0200},
  biburl    = {http://dblp.uni-trier.de/rec/bib/conf/cav/FrehseGDCRLRGDM11},
  bibsource = {dblp computer science bibliography, http://dblp.org}
}


@inproceedings{DBLP:conf/atva/EggersFH08,
  author    = {Andreas Eggers and
               Martin Fr{\"{a}}nzle and
               Christian Herde},
  title     = {{SAT} Modulo {ODE:} {A} Direct {SAT} Approach to Hybrid Systems},
  booktitle = {Automated Technology for Verification and Analysis, 6th
International
               Symposium, {ATVA} 2008, Seoul, Korea, October 20-23,
2008. Proceedings},
  pages     = {171--185},
  year      = {2008},
  crossref  = {DBLP:conf/atva/2008},
  url       = {http://dx.doi.org/10.1007/978-3-540-88387-6_14},
  doi       = {10.1007/978-3-540-88387-6_14},
  timestamp = {Tue, 21 Oct 2008 21:00:47 +0200},
  biburl    = {http://dblp.uni-trier.de/rec/bib/conf/atva/EggersFH08},
  bibsource = {dblp computer science bibliography, http://dblp.org}
}


@inproceedings{DBLP:conf/hybrid/RatschanS05,
  author    = {Stefan Ratschan and
               Zhikun She},
  title     = {Safety Verification of Hybrid Systems by Constraint
Propagation Based
               Abstraction Refinement},
  booktitle = {Hybrid Systems: Computation and Control, 8th
International Workshop,
               {HSCC} 2005, Zurich, Switzerland, March 9-11, 2005, Proceedings},
  pages     = {573--589},
  year      = {2005},
  crossref  = {DBLP:conf/hybrid/2005},
  url       = {http://dx.doi.org/10.1007/978-3-540-31954-2_37},
  doi       = {10.1007/978-3-540-31954-2_37},
  timestamp = {Mon, 08 Aug 2011 15:23:33 +0200},
  biburl    = {http://dblp.uni-trier.de/rec/bib/conf/hybrid/RatschanS05},
  bibsource = {dblp computer science bibliography, http://dblp.org}
}


@inproceedings{DBLP:conf/aaai/CimattiMT12,
  author    = {Alessandro Cimatti and
               Sergio Mover and
               Stefano Tonetta},
  title     = {SMT-Based Verification of Hybrid Systems},
  booktitle = {Proceedings of the Twenty-Sixth {AAAI} Conference on
Artificial Intelligence,
               July 22-26, 2012, Toronto, Ontario, Canada.},
  year      = {2012},
  url       = {http://www.aaai.org/ocs/index.php/AAAI/AAAI12/paper/view/5072},
  timestamp = {Thu, 31 Jul 2014 11:17:14 +0200},
  biburl    = {http://dblp.uni-trier.de/rec/bib/conf/aaai/CimattiMT12},
  bibsource = {dblp computer science bibliography, http://dblp.org}
}

@inproceedings{DBLP:conf/fmcad/CimattiMT12,
  author    = {Alessandro Cimatti and
               Sergio Mover and
               Stefano Tonetta},
  title     = {A quantifier-free {SMT} encoding of non-linear hybrid automata},
  booktitle = {Formal Methods in Computer-Aided Design, {FMCAD} 2012, Cambridge,
               UK, October 22-25, 2012},
  pages     = {187--195},
  year      = {2012},
  url       = {http://ieeexplore.ieee.org/xpl/articleDetails.jsp?arnumber=6462573},
  timestamp = {Fri, 15 Mar 2013 09:45:56 +0100},
  biburl    = {http://dblp.uni-trier.de/rec/bib/conf/fmcad/CimattiMT12},
  bibsource = {dblp computer science bibliography, http://dblp.org}

@ARTICLE{DBLP:journals/jlp/FranzleTE10,
  author = {Martin Fr{\"a}nzle and Tino Teige and Andreas Eggers},
  title = {Engineering constraint solvers for automatic analysis of probabilistic
        hybrid automata},
  journal = {J. Log. Algebr. Program.},
  year = {2010},
  volume = {79},
  pages = {436-466},
  number = {7},
  bibsource = {DBLP, http://dblp.uni-trier.de},
  ee = {http://dx.doi.org/10.1016/j.jlap.2010.07.003}
}

@article{DBLP:journals/tac/AlthoffK14,
  author    = {Matthias Althoff and
               Bruce H. Krogh},
  title     = {Reachability Analysis of Nonlinear Differential-Algebraic Systems},
  journal   = {{IEEE} Trans. Automat. Contr.},
  year      = 2014,
  volume    = 59,
  number    = 2,
  pages     = {371--383},
  url       = {http://dx.doi.org/10.1109/TAC.2013.2285751},
  doi       = {10.1109/TAC.2013.2285751},
  timestamp = {Sun, 19 Oct 2014 08:47:25 +0200},
  biburl    = {http://dblp.uni-trier.de/rec/bib/journals/tac/AlthoffK14},
  bibsource = {dblp computer science bibliography, http://dblp.org}
}
@inproceedings{DBLP:conf/hybrid/Frehse05,
  author    = {Goran Frehse},
  title     = {PHAVer: Algorithmic Verification of Hybrid Systems Past
               HyTech},
  booktitle = {HSCC},
  year      = {2005},
  pages     = {258-273},
  ee        = {http://dx.doi.org/10.1007/978-3-540-31954-2_17},
  crossref  = {DBLP:conf/hybrid/2005},
  bibsource = {DBLP, http://dblp.uni-trier.de}
}
@INPROCEEDINGS{DBLP:conf/icons/HerdeEFT08,
  author = {Christian Herde and Andreas Eggers and Martin Fr{\"a}nzle and Tino
        Teige},
  title = {Analysis of Hybrid Systems Using HySAT},
  booktitle = {ICONS},
  year = {2008},
  pages = {196-201},
  bibsource = {DBLP, http://dblp.uni-trier.de},
  ee = {http://doi.ieeecomputersociety.org/10.1109/ICONS.2008.17}
}
@inproceedings{DBLP:conf/rtss/ChenAS12,
  author    = {Xin Chen and
               Erika {\'A}brah{\'a}m and
               Sriram Sankaranarayanan},
  title     = {Taylor Model Flowpipe Construction for Non-linear Hybrid
               Systems},
  booktitle = {RTSS},
  year      = {2012},
  pages     = {183-192},
  ee        = {http://doi.ieeecomputersociety.org/10.1109/RTSS.2012.70},
  bibsource = {DBLP, http://dblp.uni-trier.de}
}

@inproceedings{DBLP:conf/cav/ChenAS13,
  author    = {Xin Chen and
               Erika {\'{A}}brah{\'{a}}m and
               Sriram Sankaranarayanan},
  title     = {Flow*: An Analyzer for Non-linear Hybrid Systems},
  booktitle = {Computer Aided Verification - 25th International Conference, {CAV}
               2013, Saint Petersburg, Russia, July 13-19, 2013. Proceedings},
  year      = 2013,
  pages     = {258--263},
  crossref  = {DBLP:conf/cav/2013},
  url       = {http://dx.doi.org/10.1007/978-3-642-39799-8_18},
  doi       = {10.1007/978-3-642-39799-8_18},
  timestamp = {Sun, 19 Oct 2014 08:43:01 +0200},
  biburl    = {http://dblp.uni-trier.de/rec/bib/conf/cav/ChenAS13},
  bibsource = {dblp computer science bibliography, http://dblp.org}
}
