@article{zuliani2010bayesian,
  author    = {Paolo Zuliani and
               Andr{\'{e}} Platzer and
               Edmund M. Clarke},
  title     = {Bayesian statistical model checking with application to Stateflow/Simulink
               verification},
  journal   = {Formal Methods in System Design},
  year      = {2013},
  volume    = {43},
  number    = {2},
  pages     = {338--367},
  doi       = {10.1007/s10703-013-0195-3},
}
 
 @incollection{clarke2011statistical,
  title={Statistical model checking for cyber-physical systems},
  author={Clarke, Edmund M and Zuliani, Paolo},
  booktitle={ATVA},
  pages={1--12},
  year={2011},
  publisher={Springer}
}
 
@INPROCEEDINGS{alur2011formal,
  AUTHOR = "RajEEv Alur",
  TITLE = "Formal verification of hybrid systems",
  BOOKTITLE = "EMSOFT",
  PAGES = "273--278",
  MONTH = "Oct.",
  YEAR = {2011} }
  

@INPROCEEDINGS{gao2013satisfiability,
  AUTHOR = "Sicun Gao and Soonho Kong and Edmund M Clarke",
  TITLE = "Satisfiability Modulo {ODEs}",
  BOOKTITLE = "FMCAD",
  PAGES = "105--112",
  MONTH = "Oct.",
  YEAR = {2013} }
  
 
@INPROCEEDINGS{franzle2011measurability,
  AUTHOR="Martin Fr{\"a}nzle and Ernst Moritz Hahn and Holger Hermanns and Nicol{\'a}s Wolovick and Lijun Zhang",
  TITLE="Measurability and safety verification for stochastic hybrid systems",
  BOOKTITLE="HSCC",
  PAGES="43--52",
  MONTH = "Apr.",
  YEAR={2011} }
  
@BOOK{henzinger2000theory,
  AUTHOR = "Thomas A Henzinger",
  TITLE = "The theory of hybrid automata",
  PUBLISHER = "Springer",
  YEAR = "2000"}
  
 @BOOK{durrett2010probability,
  TITLE={Probability: theory and examples},
  AUTHOR={Durrett, Rick},
  YEAR={2010},
  PUBLISHER={Cambridge University Press}
}

@BOOK{blom2006stochastic,
  TITLE={Stochastic hybrid systems: theory and safety critical applications},
  AUTHOR={Blom, Henk AP and Lygeros, John and Everdij, M and Loizou, S and Kyriakopoulos, K},
  year={2006},
  publisher={Springer}
}
  
@ARTICLE{lai1988nearly,
  AUTHOR= "Tze Leung Lai",
  TITLE= "Nearly optimal sequential tests of composite hypotheses",
  JOURNAL={AOS},
  VOLUME = {16},
  NUMBER = {2},
  PAGES={856--886},
  YEAR={1988} }

@ARTICLE{kass1995bayes,
  AUTHOR= "Robert E Kass and Adrian E Raftery",
  TITLE= "Bayes factors", 
  JOURNAL={JASA},
  VOLUME={90},
  NUMBER={430},
  PAGES={773--795},
  YEAR={1995} }

@article{wald1945sequential,
  title={Sequential tests of statistical hypotheses},
  author={Wald, Abraham},
  journal={The Annals of Mathematical Statistics},
  volume={16},
  number={2},
  pages={117--186},
  year={1945}
}

@ARTICLE{hoeffding1963probability,
  AUTHOR= "Wassily Hoeffding",
  TITLE= "Probability inequalities for sums of bounded random variables",
  JOURNAL={J American Statistical Association},
  VOLUME={58},
  NUMBER={301},
  PAGES={13--30},
  YEAR={1963} }

@ARTICLE{tanaka2010mathematical,
  AUTHOR= "Gouhei Tanaka and Yoshito Hirata and Larry Goldenberg and Nicholas Bruchovsky and Kazuyuki Aihara",
  TITLE= "Mathematical modelling of prostate cancer growth and its application to hormone therapy",
  JOURNAL={Phil. Trans. Roy. Soc. A: Math., Phys. and Eng. Sci.},
  VOLUME={368},
  NUMBER={1930},
  PAGES={5029--5044},
  YEAR={2010} }

@ARTICLE{bruchovsky2006final,
  AUTHOR = "Nicholas Bruchovsky and Laurence Klotz and others",
  TITLE="Final results of the {Canadian} prospective phase II trial of intermittent androgen suppression for men in biochemical recurrence after radiotherapy for locally advanced prostate cancer",
  JOURNAL={Cancer},
  VOLUME={107},
  NUMBER={2},
  PAGES={389--395},
  YEAR={2006} }

@ARTICLE{bruchovsky2007locally,
  AUTHOR="Nicholas Bruchovsky and Laurence Klotz and Juanita Crook and Larry Goldenberg",
  TITLE="Locally advanced prostate cancer: biochemical results from a prospective phase II study of intermittent androgen suppression for men with evidence of prostate-specific antigen recurrence after radiotherapy",
  JOURNAL={Cancer},
  VOLUME={109},
  NUMBER={5},
  PAGES={858--867},
  YEAR={2007} }

@ARTICLE{bueno2008minimal,
  AUTHOR="Alfonso Bueno-Orovio and Elizabeth M Cherry and Flavio H Fenton",
  TITLE="Minimal model for human ventricular action potentials in tissue",
  JOURNAL={J. of Theor. Biology},
  VOLUME={253},
  NUMBER={3},
  PAGES={544--560},
  YEAR={2008} }
  
 @ARTICLE{bortolussi2011hybrid,
  AUTHOR="Luca Bortolussi and Alberto Policriti",
  TITLE="(Hybrid) automata and (stochastic) programs: The hybrid automata lattice of a stochastic program",
  JOURNAL={Journal of Logic and Computation},
  VOLUME = {23},
  NUMBER = {4},
  PAGES={761--798},
  YEAR={2011} }


@INCOLLECTION{platzer2011stochastic,
  AUTHOR="Andr{\'e} Platzer",
  TITLE="Stochastic differential dynamic logic for stochastic hybrid programs",
  BOOKTITLE={CADE},
  PAGES={446--460},
  YEAR={2011},
  PUBLISHER={Springer}
}

@INCOLLECTION{franzle2008stochastic,
  AUTHOR="Martin Fr{\"a}nzle and Holger Hermanns and Tino Teige",
  TITLE="Stochastic satisfiability modulo theory: A novel technique for the analysis of probabilistic hybrid systems",
  BOOKTITLE={HSCC},
  PAGES={172--186},
  YEAR={2008},
  PUBLISHER={Springer}
}


@INCOLLECTION{gao2013dreal,
  AUTHOR="Sicun Gao and Soonho Kong and Edmund M Clarke",
  TITLE="{dReal}: An {SMT} solver for nonlinear theories over the reals",
  BOOKTITLE={CADE},
  PAGES={208--214},
  YEAR={2013},
  PUBLISHER={Springer}
}

@INCOLLECTION{hu2000towards,
  AUTHOR="Jianghai Hu and John Lygeros and Shankar Sastry",
  TITLE="Towards a theory of stochastic hybrid systems",
  BOOKTITLE={HSCC},
  PAGES={160--173},
  YEAR={2000},
  PUBLISHER={Springer} 
 }

@INCOLLECTION{bujorianu2006toward,
  TITLE="Toward a general theory of stochastic hybrid systems",
  AUTHOR="Manuela L Bujorianu and John Lygeros",
  BOOKTITLE={Stochastic Hybrid Systems},
  PAGES={3--30},
  YEAR={2006},
  PUBLISHER={Springer}
}

@TECHREPORT{abate2007probabilistic,
    AUTHOR = "Alessandro Abate",
    TITLE = "Probabilistic Reachability for Stochastic Hybrid Systems: Theory, Computations, and Applications",
    NUMBER = {UCB/EECS-2007-132},
    YEAR = {2007},
    Institution = {UC Berkeley}
}

@incollection{amin2006reachability,
  title={Reachability analysis for controlled discrete time stochastic hybrid systems},
  author={Amin, Saurabh and Abate, Alessandro and Prandini, Maria and Lygeros, John and Sastry, Shankar},
  booktitle={HSCC},
  pages={49--63},
  year={2006},
  publisher={Springer}
}

@inproceedings{abate2011two,
  title={A two-step scheme for approximate model checking of stochastic hybrid systems},
  author={Abate, Alessandro and Katoen, Joost-Pieter and Lygeros, John and Prandini, Maria},
  booktitle={IFAC},
  year={2011}
}

@inproceedings{abate2011quantitative,
  title={Quantitative automata model checking of autonomous stochastic hybrid systems},
  author={Abate, Alessandro and Katoen, Joost-Pieter and Mereacre, Alexandru},
  booktitle={HSCC},
  pages={83--92},
  year={2011},
  organization={ACM}
}

@article{gaodelta,
  AUTHOR="Sicun Gao and Soonho Kong and Wei Chen and Edmund M Clarke",
  TITLE= "$\delta$-Complete Analysis for Bounded Reachability of Hybrid Systems",
  YEAR={2014},
  journal   = {CoRR},
  volume    = {arXiv:1404.7171},
  ee        = {http://arxiv.org/abs/1404.7171},
}

@TECHREPORT{younes2005verification,
  AUTHOR="Hakan L Younes",
  TITLE="Verification and planning for stochastic processes with asynchronous events",
  YEAR={2005},
  INSTITUTION={DTIC Document}
}

@inproceedings{website:prism,
author={M. Kwiatkowska and G. Norman and D. Parker},
title={{PRISM} 4.0: Verification of Probabilistic Real-time Systems},
booktitle={CAV},
year={2011},
volume={6806},
pages={585--591},
publisher={Springer}
}

@inproceedings{spr2001thesis,
  title={Model Checking for Probabilistic Timed and Hybrid Systems},
  author={Sproston, Jeremy},
  booktitle={PhD thesis},
  year={2001},
  organization={SCS, University of Birmingham}
}

@article{cordeiro2012smt,
  title={SMT-based bounded model checking for embedded ANSI-C software},
  author={Cordeiro, Lucas and Fischer, Bernd and Marques-Silva, Joao},
  journal={Software Engineering, IEEE },
  volume={38},
  number={4},
  pages={957--974},
  year={2012}
}

@inproceedings{tinelli2012smt,
  title={{SMT}-Based Model Checking.},
  author={Tinelli, Cesare},
  booktitle={NASA FM},
  pages={1},
  year={2012}
}

@article{david2012statistical,
  title={Statistical model checking for stochastic hybrid systems},
  author={David, Alexandre and Du, Dehui and Larsen, Kim G and Legay, Axel and Miku{\v{c}}ionis, Marius and Poulsen, Danny B{\o}gsted and Sedwards, Sean},
  journal={arXiv preprint arXiv:1208.3856},
  year={2012}
}

@inproceedings{blom2004particle,
  title={Particle filtering for stochastic hybrid systems},
  author={Blom, Henk AP and Bloem, Edwin A},
  booktitle={CDC},
  volume={3},
  pages={3221--3226},
  year={2004},
  organization={IEEE}
}

@article{zhang2012safety,
  title={Safety verification for probabilistic hybrid systems},
  author={Zhang, Lijun and She, Zhikun and Ratschan, Stefan and Hermanns, Holger and Hahn, Ernst Moritz},
  journal={EJC},
  volume={18},
  number={6},
  pages={572--587},
  year={2012},
  publisher={Elsevier}
}

@inproceedings{hahn2011game,
  title={Game-based abstraction and controller synthesis for probabilistic hybrid systems},
  author={Hahn, Ernst Moritz and Norman, Gethin and Parker, David and Wachter, Bj{\"o}rn and Zhang, Lijun},
  booktitle={QEST},
  pages={69--78},
  year={2011},
  organization={IEEE}
}

@TECHREPORT{natasa2014killerred,
  AUTHOR="Natasa Miskov-Zivanov and Qinsi Wang and Cheryl Telmer and Edmund M. Clarke",
  TITLE= "Formal analysis provides parameters for guiding hyperoxidation in bacteria using phototoxic proteins",
  NUMBER={CMU-CS-14-137},
  YEAR={2014},
  INSTITUTION={CMU}
}

@inproceedings{sproston2000decidable,
  title={Decidable model checking of probabilistic hybrid automata},
  author={Sproston, Jeremy},
  booktitle={FTRTFT},
  pages={31--45},
  year={2000},
  organization={Springer}
}

@book{ludwiga1974sde,
  title={Stochastic Differential Equations: Theory and Applications},
  author={Arnold, Ludwig},
  year={1974},
  publisher={Wiley - Interscience}
}

@article{larsen1997uppaal,
  title={Uppaal in a Nutshell},
  author={Larsen, Kim G and Pettersson, Paul and Yi, Wang},
  journal={STTT},
  volume={1},
  number={1},
  pages={134--152},
  year={1997},
  publisher={Springer}
}
