@inproceedings{abate2006probabilistic,
  title={Probabilistic reachability and safe sets computation for discrete time stochastic hybrid systems},
  author={Abate, Alessandro and Amin, Saurabh and Prandini, Maria and Lygeros, John and Sastry, Shankar},
  booktitle={Decision and Control, 2006 45th IEEE Conference on},
  pages={258--263},
  year={2006},
  organization={IEEE}
}

@incollection{amin2006reachability,
  title={Reachability analysis for controlled discrete time stochastic hybrid systems},
  author={Amin, Saurabh and Abate, Alessandro and Prandini, Maria and Lygeros, John and Sastry, Shankar},
  booktitle={Hybrid Systems: Computation and Control},
  pages={49--63},
  year={2006},
  publisher={Springer}
}

@book{abate2007probabilistic,
  title={Probabilistic reachability for stochastic hybrid systems: Theory, computations, and applications},
  author={Abate, Alessandro},
  year={2007},
  publisher={ProQuest}
}

@article{abate2010approximate,
  title={Approximate model checking of stochastic hybrid systems},
  author={Abate, Alessandro and Katoen, Joost-Pieter and Lygeros, John and Prandini, Maria},
  journal={European Journal of Control},
  volume={16},
  number={6},
  pages={624--641},
  year={2010},
  publisher={Elsevier}
}

@inproceedings{abate2011two,
  title={A two-step scheme for approximate model checking of stochastic hybrid systems},
  author={Abate, Alessandro and Katoen, Joost-Pieter and Lygeros, John and Prandini, Maria},
  booktitle={Proceedings of the 18th IFAC World Congress. IFAC},
  year={2011}
}

@inproceedings{abate2011quantitative,
  title={Quantitative automata model checking of autonomous stochastic hybrid systems},
  author={Abate, Alessandro and Katoen, Joost-Pieter and Mereacre, Alexandru},
  booktitle={Proceedings of the 14th international conference on Hybrid systems: computation and control},
  pages={83--92},
  year={2011},
  organization={ACM}
}

@article{abate2008probabilistic,
  title={Probabilistic reachability and safety for controlled discrete time stochastic hybrid systems},
  author={Abate, Alessandro and Prandini, Maria and Lygeros, John and Sastry, Shankar},
  journal={Automatica},
  volume={44},
  number={11},
  pages={2724--2734},
  year={2008},
  publisher={Elsevier}
}

@inproceedings{franzle2011measurability,
  title={Measurability and safety verification for stochastic hybrid systems},
  author={Fr{\"a}nzle, Martin and Hahn, Ernst Moritz and Hermanns, Holger and Wolovick, Nicol{\'a}s and Zhang, Lijun},
  booktitle={Proceedings of the 14th international conference on Hybrid systems: computation and control},
  pages={43--52},
  year={2011},
  organization={ACM}
}

@inproceedings{fietzke2010superposition,
  title={Superposition-based analysis of first-order probabilistic timed automata},
  author={Fietzke, Arnaud and Hermanns, Holger and Weidenbach, Christoph},
  booktitle={Logic for Programming, Artificial Intelligence, and Reasoning},
  pages={302--316},
  year={2010},
  organization={Springer}
}

@inproceedings{hahn2011game,
  title={Game-based abstraction and controller synthesis for probabilistic hybrid systems},
  author={Hahn, Ernst Moritz and Norman, Gethin and Parker, David and Wachter, Bj{\"o}rn and Zhang, Lijun},
  booktitle={Quantitative Evaluation of Systems (QEST), 2011 Eighth International Conference on},
  pages={69--78},
  year={2011},
  organization={IEEE}
}

@inproceedings{hermanns2008probabilistic,
  title={Probabilistic cegar},
  author={Hermanns, Holger and Wachter, Bj{\"o}rn and Zhang, Lijun},
  booktitle={Computer Aided Verification},
  pages={162--175},
  year={2008},
  organization={Springer}
}

@article{lai1988nearly,
  title={Nearly optimal sequential tests of composite hypotheses},
  author={Lai, Tze Leung},
  journal={The Annals of Statistics},
  pages={856--886},
  year={1988},
  publisher={JSTOR}
}

@incollection{platzer2011stochastic,
  title={Stochastic differential dynamic logic for stochastic hybrid programs},
  author={Platzer, Andr{\'e}},
  booktitle={Automated Deduction--CADE-23},
  pages={446--460},
  year={2011},
  publisher={Springer}
}

@article{kass1995bayes,
  title={Bayes factors},
  author={Kass, Robert E and Raftery, Adrian E},
  journal={Journal of the american statistical association},
  volume={90},
  number={430},
  pages={773--795},
  year={1995},
  publisher={Taylor \& Francis Group}
}

@article{wald1945sequential,
  title={Sequential tests of statistical hypotheses},
  author={Wald, Abraham and others},
  journal={Annals of Mathematical Statistics},
  volume={16},
  number={2},
  pages={117--186},
  year={1945}
}

@inproceedings{wimmer2009counterexample,
  title={Counterexample generation for discrete-time Markov chains using bounded model checking},
  author={Wimmer, Ralf and Braitling, Bettina and Becker, Bernd},
  booktitle={Verification, Model Checking, and Abstract Interpretation},
  pages={366--380},
  year={2009},
  organization={Springer}
}

@inproceedings{wachter2007probabilistic,
  title={Probabilistic model checking modulo theories},
  author={Wachter, Bj{\"o}rn and Zhang, Lijun and Hermanns, Holger},
  booktitle={Quantitative Evaluation of Systems, 2007. QEST 2007. Fourth International Conference on the},
  pages={129--140},
  year={2007},
  organization={IEEE}
}

@inproceedings{zuliani2010bayesian,
  title={Bayesian statistical model checking with application to Simulink/Stateflow verification},
  author={Zuliani, Paolo and Platzer, Andr{\'e} and Clarke, Edmund M},
  booktitle={Proceedings of the 13th ACM international conference on Hybrid systems: computation and control},
  pages={243--252},
  year={2010},
  organization={ACM}
}

@article{zhang2012safety,
  title={Safety verification for probabilistic hybrid systems},
  author={Zhang, Lijun and She, Zhikun and Ratschan, Stefan and Hermanns, Holger and Hahn, Ernst Moritz},
  journal={European Journal of Control},
  volume={18},
  number={6},
  pages={572--587},
  year={2012},
  publisher={Elsevier}
}