@article{liu11,
 author               = {Bing Liu and David Hsu and P.S. Thiagarajan},
 journal              = {Theoretical Computer Science},
 number               = {21},
 pages                = {2188--2206},
 title                = {Probabilistic Approximations of {ODE}s based Bio-Pathway Dynamics},
 volume               = {412},
 year                 = {2011}, 
 }
 
 @article{leder14,
 author               = {Kevin Leder and Ken Pitter and Quincey LaPlant and Dolores Hambardzumyan and Brian D. Ross and Timothy A. Chan and Eric C. Holland and Franziska Michor},
 journal              = {Cell},
 pages                = {603--616},
 title                = {Mathematical Modeling of {PDGF}-Driven Glioblastoma Reveals Optimized Radiation Dosing Schedules},
 volume               = {156},
 year                 = {2014}, 
 }

 @article{jackson04a,
 author               = {T. L. Jackson},
 journal              = {Discrete Cont. Dyn. Syst. Ser. B},
 pages                = {187--201},
 title                = {A mathematical model of prostate tumor growth and androgen-independent replace},
 volume               = {4},
 year                 = {2004}, 
 }

 @article{jackson04b,
 author               = {T. L. Jackson},
 journal              = {Neoplasia},
 pages                = {697--704},
 title                = {A mathematical investigation of the multiple pathways to recurrent prostate cancer: comparison with experimental data},
 volume               = {6},
 year                 = {2004}, 
 }


 @inproceedings{henzinger-lics-survey,
   title={The Theory of Hybrid Automata},
   author={Thomas A. Henzinger},
   booktitle={LICS'96},
   pages={278-292},
   year={1996},
 }



@INPROCEEDINGS{alur97,
	AUTHOR = "Rajeev Alur and Thomas A. Henzinger",
	TITLE = "Modularity for timed and hybrid systems",
	BOOKTITLE = "CONCUR'97",
	PAGES = "74-88",
	YEAR = {1997}	}
	
@misc{supp,
         author               = {{Supplementary information and source code}},
         howpublished         = {\url{http://www.comp.nus.edu.sg/~rpsysbio/hybrid/}},
 }
 
@article{julius2009approximation,
   title={Approximations of stochastic hybrid systems},
   author={Julius, A Agung and Pappas, George J},
   journal={IEEE T. Automat. Contr. },
   volume={54},
   number={6},
   pages={1193--1203},
   year={2009},
 }
 
 @inproceedings{maler2008approximating,
   title={Approximating continuous systems by timed automata},
   author={Maler, Oded and Batt, Gr{\'e}gory},
   booktitle={FMSB'08},
   pages={77--89},
   year={2008},
 }
 
 @inproceedings{abate2005stochastic,
   title={Stochastic approximations of hybrid systems},
   author={Abate, Alessandro and Ames, Aaron D and Sastry, S Shankar},
   booktitle={ACC'05},
   pages={1557--1562},
   year={2005},
 }
 
 @inproceedings{henzinger1997hytech,
   title={Hy{T}ech: A model checker for hybrid systems},
   author={Henzinger, Thomas A and Ho, Pei-Hsin and Wong-Toi, Howard},
   booktitle={CAV'97},
   pages={460--463},
   year={1997},
   organization={Springer}
 }
 
 @inproceedings{asarin2002d,
   title={The d/dt tool for verification of hybrid systems},
   author={Asarin, Eugene and Dang, Thao and Maler, Oded},
   booktitle={CAV'02},
   pages={365--370},
   year={2002},
   organization={Springer}
 }
 
 @inproceedings{botchkarev2000verification,
   title={Verification of hybrid systems with linear differential inclusions using ellipsoidal approximations},
   author={Botchkarev, Oleg and Tripakis, Stavros},
   booktitle={HSCC'00},
   pages={73--88},
   year={2000},
 }
 
 @inproceedings{grosu11,
	Author = {Radu Grosu and Gregory Batt and Flavio H. Fenton and James Gilmm and Colas Le Guernic and Scott A. Smolka and Ezio Bartocci},
	Booktitle = {CAV'11},
	Pages = {396-411},
	Title = {From cardiac cells to genetic regulatory networks},
	Year = {2011}}
	
 @article{sastry99,
	Author = {Karl Henrik Johansson and Magnus Egerstedt and John Lygeros and Shankar Sastry},
	Journal = {Syst. Control Lett.},
	Pages = {141-150},
	Title = {On the regularization of {Z}eno hybrid automata},
	Volume = {38},
	Year = {1999}}
	

@article{fenton08,
	Author = {Alfonso Bueno-Orovio and Elizabeth M. Cherry and Flavio H. Fenton},
	Journal = {J. Theor. Biol.},
	Pages = {544-560},
	Title = {Minimal model for human ventricular action potentials in tissue},
	Volume = {253},
	Year = {2008}}

@article{younes06,
 	author               = {H{\textbackslash}aakan L. S Younes and Reid G Simmons},
 	issn                 = {0890-5401},
 	journal              = {Inform. Comput.},
 	pages                = {1368-1409},
 	title                = {Statistical probabilistic model checking with a focus on time-bounded properties},
 	volume               = {204},
 	year                 = {2006},
 }
 
 @article{wald1945sequential,
   title={Sequential tests of statistical hypotheses},
   author={Wald, Abraham},
   journal={Ann. Math. Stat.},
   volume={16},
   number={2},
   pages={117--186},
   year={1945},
 }
 	
@inproceedings{ballarini2011cosmos,
  title={{COSMOS}: a statistical model checker for the hybrid automata stochastic logic},
  author={Ballarini, Paolo and Djafri, Hilal and Duflot, Marie and Haddad, Serge and Pekergin, Nihal},
  booktitle={QEST'11},
  pages={143--144},
  year={2011},
}

@inproceedings{zuliani2010bayesian,
  title={Bayesian statistical model checking with application to Simulink/Stateflow verification},
  author={Zuliani, Paolo and Platzer, Andr{\'e} and Clarke, Edmund M},
  booktitle={HSCC'10},
  pages={243--252},
  year={2010},
}

@unpublished{delta,
  AUTHOR =       {B. Liu and S. Kong and S. Gao and E. M. Clarke},
  TITLE =        {Parameter identification using delta-decisions for hybrid systems in biology},
  Note =       {In preparation},
}

@article{liu_approximate_2012,
 author               = {Liu, Bing and Hagiescu, Andrei and Palaniappan, Sucheendra K. and Chattopadhyay, Bipasa and Cui, Zheng and Wong, {Weng-Fai} and Thiagarajan, P. S.},
 journal              = {Bioinformatics},
 number               = {11},
 pages                = {1508--1516},
 title                = {Approximate probabilistic analysis of biopathway dynamics},
 volume               = {28},
 year                 = {2012},
 }

@unpublished{book,
  AUTHOR =       {John Lygeros and Claire Tomlin and Shankar Sastry },
  TITLE =        {Hybrid Systems: Modeling, Analysis and Control},
  Note =       {\url{http://www-inst.cs.berkeley.edu/~ee291e/sp09/handouts/book.pdf}},
}

@book{hirsch2012differential,
 author               = {Hirsch, M.W. and Smale, S. and Devaney, R.L.},
 publisher            = {Academic Press},
 title                = {Differential equations, dynamical systems, and an introduction to chaos},
 year                 = {2012},
 }
 
 
@inproceedings{herault2004approximate,
  title={Approximate probabilistic model checking},
  author={H{\'e}rault, Thomas and Lassaigne, Richard and Magniette, Fr{\'e}d{\'e}ric and Peyronnet, Sylvain},
  booktitle={VMCAI'04},
  pages={73--84},
  year={2004},
}

@inproceedings{palaniappan2013,
	year={2013},
	booktitle={CMSB'13},
	title={Statistical Model Checking Based Calibration and Analysis of Bio-pathway Models},
	author={Palaniappan, SucheendraK. and Gyori, BenjaminM. and Liu, Bing and Hsu, David and Thiagarajan, P.S.},
	pages={120-134}
}

@Inproceedings{smc_hybrid2012,
  author    = "David, Alexandre and Du, Dehui and Larsen, Kim G. and Legay, Axel and Miku\v{c}ionis, Marius and Poulsen, Danny B{\o}gsted and Sedwards, Sean",
  year      = "2012",
  title     = "Statistical Model Checking for Stochastic Hybrid Systems",
  booktitle = "{HSB'12}",
  pages     = "122-136",
}

@book{clarke1999model,
  title={Model checking},
  author={Clarke, Edmund M and Grumberg, Orna and Peled, Doron A},
  year={1999},
  publisher={MIT press}
}

@book{tao2011introduction,
  title={An introduction to measure theory},
  author={Tao, Terence},
  volume={126},
  year={2011},
  publisher={AMS Bookstore}
}


@Inproceedings{girard2006efficient,
  title={Efficient computation of reachable sets of linear time-invariant systems with inputs},
  author={Girard, Antoine and Le Guernic, Colas and Maler, Oded},
  booktitle={HSCC'06},
  pages={257--271},
  year={2006},
}

@Inproceedings{frehse2005phaver,
  title={PHAVer: Algorithmic verification of hybrid systems past HyTech},
  author={Frehse, Goran},
  booktitle={HSCC'05},
  pages={258--273},
  year={2005},
}

@article{alur2000discrete,
  title={Discrete abstractions of hybrid systems},
  author={Alur, Rajeev and Henzinger, Thomas A and Lafferriere, Gerardo and Pappas, George J},
  journal={P. IEEE},
  volume={88},
  number={7},
  pages={971--984},
  year={2000},
  publisher={IEEE}
}

@Inproceedings{clarke2003verification,
  title={Verification of hybrid systems based on counterexample-guided abstraction refinement},
  author={Clarke, Edmund and Fehnker, Ansgar and Han, Zhi and Krogh, Bruce and Stursberg, Olaf and Theobald, Michael},
  booktitle={TACAS'03},
  pages={192--207},
  year={2003},
}

@Inproceedings{agrawal2006behavioural,
  title={Behavioural approximations for restricted linear differential hybrid automata},
  author={Agrawal, Manindra and Stephan, Frank and Thiagarajan, PS and Yang, Shaofa},
  booktitle={HSCC'06},
  pages={4--18},
  year={2006},
}

@article{henzinger1999discrete,
  title={Discrete-time control for rectangular hybrid automata},
  author={Henzinger, Thomas A and Kopke, Peter W},
  journal={Theor. Comput. Sci.},
  volume={221},
  number={1},
  pages={369--392},
  year={1999},
}

@article{lunze2001representation,
  title={Representation of hybrid systems by means of stochastic automata},
  author={Lunze, Jan and Nixdorf, Bernhard},
  journal={Math. Comp. Model. Dyn.},
  volume={7},
  number={4},
  pages={383--422},
  year={2001},
}


@article{tanaka07,
  title={Spatial distribution of fibrosis governs fibrillation wave dynamics in the posterior left atrium during heart failure},
  author={Tanaka, K and Zlochiver, S and Vikstrom, K. L. and Yamazaki, M and Moreno, J and Klos, M and Zaitsev, A. V. and Vaidyanathan, R and Auerbach, D. S. and Landas, S and Guiraudon, G and Jalife, J and Berenfeld, O and Kalifa, J.},
  journal={Circ. Res.},
  volume={8},
  number={101},
  pages={839--847},
  year={2007},
}


@book{klipp2005systems,
 author               = {Klipp, E. and Herwig, R. and Kowald, A. and Wierling, C. and Lehrach, H.},
 publisher            = {Wiley-VCH, Weinheim},
 title                = {Systems biology in practice: concepts, implementation and application},
 year                 = {2005},
 }


@book{cassandras2010stochastic,
  title={Stochastic hybrid systems},
  author={Cassandras, Christos G and Lygeros, John},
  year={2010},
  publisher={CRC Press}
}

@book{blom2006stochastic,
  title={Stochastic hybrid systems: Theory and safety critical applications},
  author={Blom, Henk AP and Lygeros, John and Everdij, M and Loizou, S and Kyriakopoulos, K},
  year={2006},
  publisher={Springer Heidelberg}
}




@incollection{baldazzi11,
	Author = {Baldazzi, Valentina and Monteiro, Pedro T and Page, Michel and Ropers, Delphine and Geiselmann, Johannes and De Jong, Hidde},
	Booktitle = {Understanding the Dynamics of Biological Systems},
	Pages = {111--130},
	Publisher = {Springer},
	Title = {Qualitative analysis of genetic regulatory networks in bacteria},
	Year = {2011}}

@incollection{lincoln04,
	Author = {Lincoln, Patrick and Tiwari, Ashish},
	Booktitle = {HSCC},
	Pages = {660--672},
	Publisher = {Springer},
	Title = {Symbolic systems biology: Hybrid modeling and analysis of biological networks},
	Year = {2004}}

@article{ye08,
	Author = {Ye, P and Entcheva, E and Smolka, SA and Grosu, R},
	Journal = {IET Syst. Biol.},
	Number = {1},
	Pages = {24--32},
	Title = {Modelling excitable cells using cycle-linear hybrid automata},
	Volume = {2},
	Year = {2008}}

@article{aihara10,
	Author = {Aihara, Kazuyuki and Suzuki, Hideyuki},
	Date-Added = {2013-04-12 06:45:31 -0400},
	Date-Modified = {2013-04-12 06:45:38 -0400},
	Journal = {Phil. Trans. R. Soc. A},
	Number = {1930},
	Pages = {4893--4914},
	Publisher = {The Royal Society},
	Title = {Theory of hybrid dynamical systems and its applications to biological and medical systems},
	Volume = {368},
	Year = {2010}}

@article{tomlin04,
	Author = {Ghosh, Ronojoy and Tomlin, Claire},
	Journal = {IET Syst. Biol.},
	Number = {1},
	Pages = {170--183},
	Title = {Symbolic reachable set computation of piecewise affine hybrid automata and its application to biological modelling: Delta-Notch protein signalling},
	Volume = {1},
	Year = {2004}}

@inproceedings{antoniotti03,
	Author = {Antoniotti, Marco and Mishra, Bhubaneswar and Piazza, Carla and Policriti, Alberto and Simeoni, Marta},
	Booktitle = {CMSB},
	Pages = {57--74},
	Title = {Modeling cellular behavior with hybrid automata: Bisimulation and collapsing},
	volume    = {8130},
          series    = {LNCS},
	Year = {2003}}

@inproceedings{henzinger96,
	Acmid = {788803},
	Author = {Henzinger, T. A.},
	Booktitle = {LICS},
	Isbn = {0-8186-7463-6},
	Keywords = {discrete concurrent systems, finite automata, finite-state systems, hybrid automata theory, partly continuous systems, uncountable state spaces},
	Pages = {278--292},
	Title = {The theory of hybrid automata},
	Url = {http://dl.acm.org/citation.cfm?id=788018.788803},
	Year = {1996},
	Bdsk-Url-1 = {http://dl.acm.org/citation.cfm?id=788018.788803}}

@book{thecell,
	Author = {Bruce Alberts and Alexander Johnson and Julian Lewis and Martin Raff and Keith Roberts and Peter Walter.},
	Date-Added = {2013-04-12 06:34:50 -0400},
	Date-Modified = {2013-04-12 06:36:45 -0400},
	Edition = {4},
	Publisher = {New Tork: Garland Science},
	Title = {Molecular Biology of the Cell},
	Year = {2002}}

@article{liu11plos,
	Author = {Liu, Bing and Zhang, Jing and Tan, Pei Yi and Hsu, David and Blom, Anna M and Leong, Benjamin and Sethi, Sunil and Ho, Bow and Ding, Jeak Ling and Thiagarajan, PS},
	Date-Added = {2013-04-12 06:30:04 -0400},
	Date-Modified = {2013-04-12 06:30:20 -0400},
	Journal = {PLoS Computational Biology},
	Number = {1},
	Pages = {e1001059},
	Publisher = {Public Library of Science},
	Title = {A computational and experimental study of the regulatory mechanisms of the complement system},
	Volume = {7},
	Year = {2011}}

@inproceedings{gong11,
	Author = {Gong, Haijun and Zuliani, P and Wang, Qinsi and Clarke, EM},
	Booktitle = {Decision and Control and European Control Conference (CDC-ECC), 2011 50th IEEE Conference on},
	Date-Added = {2013-04-12 06:26:47 -0400},
	Date-Modified = {2013-04-12 06:27:56 -0400},
	Organization = {IEEE},
	Pages = {4855--4860},
	Title = {Formal analysis for logical models of pancreatic cancer},
	Year = {2011}}

@article{helikar08,
	Author = {Helikar, Tom{\'a}{\v{s}} and Konvalina, John and Heidel, Jack and Rogers, Jim A},
	Date-Added = {2013-04-12 06:24:49 -0400},
	Date-Modified = {2013-04-12 06:25:20 -0400},
	Journal = {Proceedings of the National Academy of Sciences},
	Number = {6},
	Pages = {1913--1918},
	Publisher = {National Acad Sciences},
	Title = {Emergent decision-making in biological signal transduction networks},
	Volume = {105},
	Year = {2008}}

@article{wholecell,
	Author = {Jonathan R. Karr and Jayodita C. Sanghvi and Derek N. Macklin and Miriam V. Gutschow and Jared M. Jacobs and Benjamin Bolival and Nacyra Assad-Garcia and John I. Glass and Markus W. Covert},
	Date-Added = {2013-04-12 06:18:21 -0400},
	Date-Modified = {2013-04-12 06:31:01 -0400},
	Journal = {Cell},
	Number = {2},
	Pages = {389-401},
	Title = {A whole-cell computational model predicts phenotype from genotype},
	Volume = {150},
	Year = {2012}}



@inproceedings{grosu11,
	Author = {Radu Grosu and Gregory Batt and Flavio H. Fenton and James Gilmm and Colas Le Guernic and Scott A. Smolka and Ezio Bartocci},
	Booktitle = {CAV},
	Pages = {396--411},
	Title = {From cardiac cells to genetic regulatory networks},
	 volume    = {8130},
          series    = {LNCS},
	Year = {2011}}
	
	Volume 6806, 2011

@article{orovio08,
	Author = {Alfonso Bueno-Orovio and Elizabeth M. Cherry and Flavio H. Fenton},
	Journal = {J. Theor. Biol.},
	Pages = {544-560},
	Title = {Minimal model for human ventricular action potentials in tissue},
	Volume = {253},
	Year = {2008}}

@article{ideta08,
	Author = {Aiko Miyamura Ideta and Gouhei Tanaka and Takumi Takeuchi and Kazuyuki Aihara},
	Journal = {J. Nonlinear Sci.},
	Pages = {593--614},
	Title = {A mathematical model of intermittent androgen suppression for prostate cancer},
	Volume = {18},
	Year = {2008}}


@article{tanaka10,
	Author = {Gouhei Tanaka and Yoshito Hirata and S. Larry Goldenberg and Nicholas Bruchovsky and Kazuyuki Aihara},
	Journal = {Phil. Trans. R. Soc. A},
	Pages = {5029-5044},
	Title = {Mathematical modelling of prostate cancer growth and its application to hormone therapy},
	Volume = {368},
	Year = {2010}}

@article{hirata10,
	Author = {Yoshito Hirata and Nicholas Bruchovsky and Kazuyuki Aihara},
	Journal = {J. Theor. Biol.},
	Pages = {517--527},
	Title = {Development of a mathematical model that predicts the outcome of hormone therapy for prostate cancer},
	Volume = {264},
	Year = {2010}}


@article{suzuki10,
	Author = {Suzuki, T. and Bruchovsky, N. and Aihara K.},
	Journal = {Philos. Trans. A Math. Phys. Eng. Sci.},
	Pages = {5045--5059},
	Title = {Piecewise affine systems modelling for optimizing hormone therapy of prostate cancer},
	Volume = {368},
    Number = {1930},
	Year = {2010}}

@article{chaos10,
	Author = {Yoshito Hirata and {di Bernordo}, M. and Nicholas Bruchovsky and Kazuyuki Aihara},
	Journal = {Chaos},
	Pages = {045125},
	Title = {Hybrid optimal scheduling for intermittent androgen suppression of prostate cancer},
	Volume = {20},
    Number = {4},
	Year = {2010}}


@article{jackson04,
	Author = {T. L. Jackson},
	Journal = {Discrete Contin. Dyn. Syst. Ser. B},
	Pages = {187--201},
	Title = {A mathematical model of prostate tumor growth and androgen-independent relapse},
	Volume = {4},
	Year = {2004}}


@inproceedings{gao13,
  author    = {Sicun Gao and
               Soonho Kong and
               Edmund M. Clarke},
  title     = {Satisfiability modulo {ODE}s},
  booktitle = {FMCAD},
  year      = {2013},
  pages     = {105-112},
  ee        = {http://ieeexplore.ieee.org/xpl/freeabs_all.jsp?arnumber=6679398}
}

@inproceedings{gao12a,
	Author = {Sicun Gao and Jeremy Avigad and Edmund M. Clarke},
	Booktitle = {IJCAR},
	Pages = {286-300},
	Title = {Delta-Complete Decision Procedures for Satisfiability over the Reals},
	Year = {2012}}

@inproceedings{gao12b,
	Author = {Sicun Gao and Jeremy Avigad and Edmund M. Clarke},
	Booktitle = {LICS},
	Pages = {305--314},
	Title = {Delta-Decidability over the Reals},
	Year = {2012}}

@inproceedings{dreal,
	Author = {Sicun Gao and Soonho Kong and Edmund M. Clarke},
	Booktitle = {CADE},
	Pages = {208--214},
	Title = {d{R}eal: An {SMT} Solver for Nonlinear Theories of Reals},
	Year = {2013}}

@BOOK{CAbook,
  author =       {Klaus Weihrauch},
  title =        {Computable Analysis: An Introduction},
  publisher =    {Springer},
  year =         {2000},
}


@article{brown,
	Author = {Brown, K. S. and Hill, C. C. and Calero, G. A. and Myers, C. R. and Lee, K. H. and Sethna, J. P. and Cerione, R. A.},
	Date-Added = {2013-04-12 06:18:21 -0400},
	Date-Modified = {2013-04-12 06:31:01 -0400},
	Journal = {Physical Biology},
	Pages = {184--195},
	Title = {The statistical mechanics of complex signaling networks: nerve growth factor signaling.},
	Volume = {3},
    Number = {4},
	Year = {2004}}

@article{cancerstat,
	Author = {Rebecca Siegel and Deepa Naishadham and Ahmedin Jemal},
	Journal = {CA. Cancer J. Clin.},
	Pages = {11--30},
	Title = {Cancer Statistics, 2013},
	Volume = {63},
	Year = {2013}}

@article{nru,
	Author = {Nicholas C. Buchan and S. Larry Goldenberg},
	Journal = {Nat. Rev. Urol.},
	Pages = {552--560},
	Title = {Intermittent androgen suppression for prostate cancer},
	Volume = {7},
	Year = {2010}}

@article{bruchovsky95,
	Author = {Bruchovsky, N. and Goldenberg, S. L. and Rennie, P. S. and Gleave M. E.},
	Journal = {Urologe A},
	Pages = {389--392},
	Title = {Theoretical considerations and initial clinical results of intermittent hormone treatment of patients with advanced prostatic carcinoma},
	Volume = {34},
	Year = {1995}}

@article{bruchovsky06,
	Author = {Bruchovsky, N. and Klotz, L. and Crook, J. and Malone, S. and Ludgte, C. and Morris, W. and Gleave, M. E. and Goldenberg, S. L. and Rennie, P. S.},
	Journal = {Cancer},
	Pages = {389--395},
	Title = {Final Results of the Canadian Prospective Phase {II} Trial of Intermittent Androgen Suppression for Men in Biochemical Recurrence after Radiotherapy for Locally Advanced Prostate Cancer},
	Volume = {107},
	Year = {2006}}


@article{bruchovsky07,
	Author = {Bruchovsky, N. and Klotz, L. and Crook, J. and Malone, S. and Ludgte, C. and Morris, W. and Gleave, M. E. and Goldenberg, S. L. and Rennie, P. S.},
	Journal = {Cancer},
	Pages = {858--867},
	Title = {Locally Advanced Prostate Cancer—Biochemical Results From a Prospective Phase {II} Study of Intermittent Androgen Suppression for Men With Evidence of Prostate-Specific Antigen Recurrence After Radiotherapy},
	Volume = {109},
	Year = {2007}}

@article{berges95,
	Author = {R.R. Berges and J. Vukanovic and J.I. Epstein and M. CarMichel and L. Cisek and D.E. Johnson and R.W. Veltri and P.C. Walsh and J.T. Isaacs},
	Journal = {Clin. Cancer Res.},
	Pages = {473--480},
	Title = {Implication of cell kinetic changes during the progression of human prostatic cancer},
	Volume = {1},
    Number = {5},
	Year = {1995}}


@article{pnas11,
	Author = {Harsh Vardhan Jain and Steven K. Clinton and Arvinder Bhinder and Avner Friedman},
	Journal = {P. Natl. Acad. Sci. USA.},
	Pages = {19701--19706},
	Title = {Mathematical modeling of prostate cancer progression in response to androgen ablation therapy},
	Volume = {108},
    Number = {49},
	Year = {2011}}

@INBOOK{book13,
  author =       {Gerhard Hamilton and Gerhard Theyer},
  title =        {Advances in Prostate Cancer},
  chapter =      {13},
  pages =        {305--330},
  publisher =    {INTECH},
  year =         {2013},
}


@article{rovergene,
	Author = {G. Batt and C. Belta and R. Weiss},
	Journal = {IEEE T. Automat. Contr.},
	Pages = {215--229},
	Title = {Temporal logic analysis of gene networks under parameter uncertainty},
	Volume = {53},
	Year = {2008}}

	
@article{hfpn,
	Author = {Matsuno, H. and Tanaka, Y. and Aoshima, H. and Doi, A. and Matsui, M. and Miyano, S.},
	Journal = {In Silico Biol.},
	Pages = {389--404},
	Title = {Biopathways Representation and Simulation on Hybrid Functional Petri Net},
	Volume = {3},
	Number = {3},
	Year = {2003}}	
	

@inproceedings{liu13,
  author    = {Sucheendra K. Palaniappan and
               Benjamin M. Gyori and
               Bing Liu and
               David Hsu and
               P. S. Thiagarajan},
  title     = {Statistical Model Checking Based Calibration and Analysis
               of Bio-pathway Models},
  booktitle = {CMSB},
  year      = {2013},
  volume    = {8130},
  pages     = {120-134},
  series    = {LNCS},
  ee        = {http://dx.doi.org/10.1007/978-3-642-40708-6_10},
}



@article{donze,
	Author = {Alexandre Donz\'{e} and Gilles Clermont and Christopher J. Langmead},
	Journal = {J. Comput. Biol.},
	Pages = {325--336},
	Title = {Parameter Synthesis in Nonlinear Dynamical Systems: Application to Systems Biology},
	Volume = {17},
	Number = {3},
	Year = {2010}}	

@book{clarkebook,
 author               = {Edmund M. Clarke and Orna Grumberg and Doron A. Peled},
 publisher            = {MIT Press},
 title                = {Model Checking},
 year                 = {1999},
 }
	
@inproceedings{alur,
	Author = {Rajeev Alur},
	Booktitle = {EMSOFT’11, Taipei, Taiwan},
	Pages = {1--6},
	Title = {Formal Verification of Hybrid Systems},
	Year = {2011}}

@inproceedings{clarke08,
 author               = {Edmund M. Clarke and James R. Faeder and Christopher James Langmead and Leonard A. Harris and Sumit Kumar Jha and Axel Legay},
 booktitle            = {CMSB'08},
 pages                = {231-250},
 title                = {Statistical Model Checking in {B}io{L}ab: Applications to the Automated Analysis of {T}-{C}ell Receptor Signaling Pathway},
 year                 = {2008},
 }
 
 @article{kwiatkowska08,
 author               = {Marta Kwiatkowska and Gethin Norman and David Parker},
 journal              = {{SIGMETRICS} Perform. Eval. Rev.},
 number               = {4},
 pages                = {14--21},
 title                = {Using probabilistic model checking in systems biology},
 url                  = {http://portal.acm.org/citation.cfm?id=1364644.1364651},
 volume               = {35},
 year                 = {2008},
 }
 
 @article{miyano11,
 author               = {Chen Li and Masao Nagasaki and Chuan Hock Koh and Satoru Miyano},
 journal              = {Mol. Biosyst.},
 number               = {S10},
 pages                = {1-13},
 title                = {Online model checking approach based parameter estimation to a neuronal fate decision simulation model in {C}aenorhabditis elegans with hybrid functional {P}etri net with extension},
 volume               = {11(Suppl 7)},
 year                 = {2010},
 }
 
 @article{chabrier04,
 author               = {Nathalie {Chabrier-Rivier} and Marc Chiaverini and Vincent Danos and FranÃ§ois Fages and Vincent SchÃ¤chter},
 journal              = {Theor. Comput. Sci.},
 month                = {sep},
 number               = {1},
 pages                = {25--44},
 title                = {Modeling and querying biomolecular interaction networks},
 volume               = {325},
 year                 = {2004},
 }


 @article{liu12jbcb,
 author               = {Bing Liu and P.S. Thiagarajan},
 journal              = {Journal of Bioinformatics and Computational Biology},
 number               = {4},
 pages                = {1231001},
 title                = {Modeling and analysis of biopathways dynamics},
 volume               = {10},
 year                 = {2012},
 }



@Inproceedings{girard2006efficient,
  title={Efficient computation of reachable sets of linear time-invariant systems with inputs},
  author={Girard, Antoine and Le Guernic, Colas and Maler, Oded},
  booktitle={HSCC'06},
  pages={257--271},
  year={2006},
}

@Inproceedings{frehse2005phaver,
  title={PHAVer: Algorithmic verification of hybrid systems past HyTech},
  author={Frehse, Goran},
  booktitle={HSCC'05},
  pages={258--273},
  year={2005},
}

@article{alur2000discrete,
  title={Discrete abstractions of hybrid systems},
  author={Alur, Rajeev and Henzinger, Thomas A and Lafferriere, Gerardo and Pappas, George J},
  journal={P. IEEE},
  volume={88},
  number={7},
  pages={971--984},
  year={2000},
  publisher={IEEE}
}

@Inproceedings{clarke2003verification,
  title={Verification of hybrid systems based on counterexample-guided abstraction refinement},
  author={Clarke, Edmund and Fehnker, Ansgar and Han, Zhi and Krogh, Bruce and Stursberg, Olaf and Theobald, Michael},
  booktitle={TACAS'03},
  pages={192--207},
  year={2003},
}

@Inproceedings{agrawal2006behavioural,
  title={Behavioural approximations for restricted linear differential hybrid automata},
  author={Agrawal, Manindra and Stephan, Frank and Thiagarajan, PS and Yang, Shaofa},
  booktitle={HSCC'06},
  pages={4--18},
  year={2006},
}

@article{henzinger1999discrete,
  title={Discrete-time control for rectangular hybrid automata},
  author={Henzinger, Thomas A and Kopke, Peter W},
  journal={Theor. Comput. Sci.},
  volume={221},
  number={1},
  pages={369--392},
  year={1999},
}


@article{liu12bioinfo,
 author               = {Liu, Bing and Hagiescu, Andrei and Palaniappan, Sucheendra K. and Chattopadhyay, Bipasa and Cui, Zheng and Wong, {Weng-Fai} and Thiagarajan, P. S.},
 journal              = {Bioinformatics},
 number               = {11},
 pages                = {1508--1516},
 title                = {Approximate probabilistic analysis of biopathway dynamics},
 volume               = {28},
 year                 = {2012},
 }

@Inproceedings{luca08,
year={2008},
isbn={978-3-540-68892-1},
booktitle={FMCSB},
volume={5016},
series={LNCS},
doi={10.1007/978-3-540-68894-5_12},
title={Hybrid Systems and Biology},
url={http://dx.doi.org/10.1007/978-3-540-68894-5_12},
author={Bortolussi, Luca and Policriti, Alberto},
pages={424-448}
}

@inproceedings{BrimSFM13,
  author    = {Lubo\v{s} Brim and
               Milan \v{C}eska and
               David \v{S}afr{\'a}nek},
  title     = {Model Checking of Biological Systems},
  booktitle = {SFM},
  year      = {2013},
  pages     = {63-112},
  volume    = {7938},
  series    = {LNCS},
  ee        = {http://dx.doi.org/10.1007/978-3-642-38874-3_3},
}


@inproceedings{Donaldson08,
  author    = {Robin Donaldson and
               David Gilbert},
  title     = {A Model Checking Approach to the Parameter Estimation of
               Biochemical Pathways},
  booktitle = {CMSB},
  series    = {LNCS},
  volume    = {5307},
  year      = {2008},
  pages     = {269-287},
  ee        = {http://dx.doi.org/10.1007/978-3-540-88562-7_20},
}

@inproceedings{Calzone06,
  author    = {Laurence Calzone and
               Nathalie Chabrier-Rivier and
               Fran\c{c}ois Fages and
               Sylvain Soliman},
  title     = {Machine Learning Biochemical Networks from Temporal Logic
               Properties},
  booktitle = {T. Comp. Sys. Biology},
  year      = {2006},
  pages     = {68-94},
  series    = {LNCS},
  volume    = {4220},
  ee        = {http://dx.doi.org/10.1007/11880646_4},
}

@inproceedings{Hu04,
year={2004},
booktitle={HSCC},
volume={2993},
series={LNCS},
doi={10.1007/978-3-540-24743-2_28},
title={Modeling Subtilin Production in \textit{Bacillus subtilis} Using Stochastic Hybrid Systems},
url={http://dx.doi.org/10.1007/978-3-540-24743-2_28},
author={Hu, Jianghai and Wu, Wei-Chung and Sastry, Shankar},
pages={417-431},
}

@article{Cinquemani08,
  author    = {Eugenio Cinquemani and
               Riccardo Porreca and
               Giancarlo Ferrari-Trecate and
               John Lygeros},
  title     = {Subtilin Production by \textit{Bacillus subtilis}: Stochastic Hybrid
               Models and Parameter Identification},
  journal   = {IEEE Trans. Automat. Contr.},
  volume    = {53},
  year      = {2008},
  pages     = {38-50},
  ee        = {http://dx.doi.org/10.1109/TAC.2007.911327},
}

@article{Koutroumpas08,
  author   = {Konstantinos Koutroumpas and Eugenio Cinquemani and Panagiotis Kouretas and John Lygeros},
  title    = {Parameter identification for stochastic hybrid systems using randomized optimization: A case study on subtilin production by \textit{Bacillus subtilis}},
  journal  = {Nonlinear Anal.-Hybrid Syst.},
  volume   = {2},
  issue    = {3},
  pages    = {786-802},
  year     = {2008},
}

@article{nabauer96,
  author   = {M. Nabauer and D. J. Beuckelmann and P. Uberfuhr and G. Steinbeck},
  title    = {Regional differences in current density and rate-dependent properties of the transient outward current in subepicardial and subendocardial myocytes of human left ventricle},
  journal  = {Circulation},
  volume   = {93},
  pages    = {169-177},
  year     = {1996},
}

@article{fenton98,
  author   = {F. Fenton and A. Karma},
  title    = {Vortex dynamics in {3D} continuous myocardium with fiber rotation: filament instability and fibrillation},
  journal  = {Chaos},
  volume   = {8},
  pages    = {20-47},
  year     = {1998},
}

@inproceedings{BMC,
  title={Symbolic model checking without {BDDs}},
  author={Biere, Armin and Cimatti, Alessandro and Clarke, Edmund M. and Zhu, Yunshan},
  booktitle={TACAS},
  pages={193--207},
  year={1999},
  volume={1579},
  series={LNCS},
}

@article{chen04,
  author   = {Katherine C. Chen and Laurence Calzone and Attila Csikasz-Nagy and Frederick R. Cross and Bela Novak and John J. Tyson},
  title    = {Integrative Analysis of Cell Cycle Control in Budding Yeast},
  journal  = {Mol. Biol. Cell},
  volume   = {15},
  number={8},
  pages    = {3841-3862},
  year     = {2004},
}


 @article{biomodels,
 author               = {Chen Li and Marco Donizelli and Nicolas Rodriguez and Harish Dharuri and Lukas Endler and Vijayalakshmi Chelliah and Lu Li and Enuo He and Arnaud Henry and Melanie I. Stefan and Jacky L. Snoep and Michael Hucka and Nicolas Le Novere and Camille Laibe},
 journal              = {BMC Sys. Biol.},
 pages                = {92},
 title                = {Bio{M}odels {D}atabase: {A}n enhanced, curated and annotated resource for published quantitative kinetic models.},
 volume               = {4},
 year                 = {2010},
 }

@article{sbml,
  author = {Hucka, M. and Finney, A. and Sauro, H. M. and Bolouri, H. and Doyle, J. C. and Kitano, H. and Arkin, A. P. and Bornstein, B. J. and Bray, D. and Cornish-Bowden, A. and Cuellar, A. A. and Dronov, S. and Gilles, E. D. and Ginkel, M. and Gor, V. and Goryanin, I. I. and Hedley, W. J. and Hodgman, T. C. and Hofmeyr, J-H. and Hunter, P. J. and Juty, N. S. and Kasberger, J. L. and Kremling, A. and Kummer, U. and Novère, N. Le and Loew, L. M. and Lucio, D. and Mendes, P. and Minch, E. and Mjolsness, E. D. and Nakayama, Y. and Nelson, M. R. and Nielsen, P. F. and Sakurada, T. and Schaff, J. C. and Shapiro, B. E. and Shimizu, T. S. and Spence, H. D. and Stelling, J. and Takahashi, K. and Tomita, M. and Wagner, J. and Wang, J. and Forum, S. B. M. L.},
  journal = {Bioinformatics},
  month = Mar,
  number = 4,
  pages = {524--531},
  pmid = {12611808},
  title = {The systems biology markup language (SBML): a medium for representation
	and exchange of biochemical network models.},
  volume = 19,
  year = 2003
}


@Inproceedings{taliro,
author={Annpureddy, Yashwanth and Liu, Che and Fainekos, Georgios and Sankaranarayanan, Sriram},
title={{S-TaLiRo}: A Tool for Temporal Logic Falsification for Hybrid Systems},
booktitle={TACAS},
year={2011},
pages={254-257},
series={LNCS},
volume={6605},
}

@Inproceedings{prism,
author={M. Kwiatkowska and G. Norman and D. Parker},
title={{PRISM}: Probabilistic Symbolic Model Checker},
booktitle={TOOLS},
year={2002},
pages={200--204},
series={LNCS},
volume={2324},
}

@Inproceedings{breach,
author={Donz\'{e}, Alexandre},
title={Breach, A Toolbox for Verification and Parameter Synthesis of Hybrid Systems},
booktitle={CAV},
year={2010},
pages={167-170},
series={LNCS},
volume={6174},
}


@Inproceedings{biocham,
author={Nathalie Chabrier-Rivier and Fran\c{c}ois Fages and Sylvain Soliman},
title={The Biochemical Abstract Machine {BIOCHAM}},
booktitle={CMSB},
year={2005},
pages={172-191},
series={LNCS},
volume={3082},
}


@book{ptolemy,
      editor = {Claudius Ptolemaeus},
      title  = {System Design, Modeling, and Simulation using Ptolemy II},
      publisher = {Ptolemy.org},
      year = {2014},
      URL = {http://ptolemy.org/books/Systems}
 } 

