%% This BibTeX bibliography file was created using BibDesk.
%% http://bibdesk.sourceforge.net/


%% Created for Kyungmin Bae at 2015-05-05 11:51:57 -0400 


%% Saved with string encoding Unicode (UTF-8) 



@article{mr-pals-journal,
	Author = {K. Bae and J. Meseguer and P. C. {\"O}lveczky},
	Date-Added = {2014-01-27 20:01:19 +0000},
	Date-Modified = {2014-01-27 20:01:19 +0000},
	Journal = {Science of Computer Programming},
	Pages = {3 -- 44},
	Title = {Formal Patterns for Multirate Distributed Real-Time Systems},
	Volume = {91, Part A},
	Year = {2014}}

@article{ftscs-journal,
	Author = {K. Bae and J. Krisiloff and J. Meseguer and P. C. {\"O}lveczky},
	Date-Modified = {2014-04-08 00:53:58 +0000},
	Journal = {Science of Computer Programming},
	Pages = {13--50},
	Title = {Designing and Verifying Distributed Cyber-Physical Systems using {Multirate} {PALS}: An Airplane Turning Control System Case Study},
	Volume = {103},
	Year = {2015}}

@inproceedings{hybrid-pals,
	Author = {K. Bae and P. C. {\"O}lveczky},
	Booktitle = {Logic, Rewriting, and Concurrency},
	Note = {To appear},
	Publisher = {Springer},
	Title = {Hybrid Multirate {PALS}},
	series = {LNCS},
	Year = {2015}}

@inproceedings{al2012pattern,
	Author = {Al-Nayeem, Abdullah and Sha, Lui and Cofer, Darren D and Miller, Steven P},
	Booktitle = {ICCPS'12},
	Organization = {IEEE},
	OPTPages = {65--74},
	Title = {Pattern-based composition and analysis of virtually synchronized real-time distributed systems},
	Year = {2012}}

@inproceedings{pals-rtss09,
	Author = {A. Al-Nayeem and M. Sun and X. Qiu and L. Sha and S. P. Miller and D. D. Cofer},
	Booktitle = {RTSS'09},
	Date-Added = {2014-01-27 19:58:34 +0000},
	Date-Modified = {2014-01-27 21:05:41 +0000},
	Isbn = {978-0-7695-3875-4},
	Opteditor = {Theodore P. Baker},
	OPTPages = {161-170},
	Publisher = {IEEE},
	Title = {A Formal Architecture Pattern for Real-Time Distributed Systems},
	Year = {2009}}

@article{pals-tcs,
	Author = {J. Meseguer and P. C. {\"O}lveczky},
	Journal = {Theoretical Computer Science},
	Optdoi = {10.1016/j.tcs.2012.05.040},
	Optnote = {Article in press, \url{http://dx.doi.org/10.1016/j.tcs.2012.05.040}},
	Pages = {1-37},
	Title = {Formalization and correctness of the {PALS} architectural pattern for distributed real-time systems},
	Volume = {451},
	Year = {2012}}

@article{hybridaut,
	Author = {R. Alur and C. Courcoubetis and N. Halbwachs and T. A. Henzinger and P.-H. Ho and X. Nicollin and A. Olivero and J. Sifakis and S. Yovine},
	Journal = {Theoretical Computer Science},
	Pages = {3-34},
	Title = {The algorithmic analysis of hybrid systems},
	Volume = 138,
	Year = 1995}

@book{henzinger2000theory,
	Author = {Henzinger, Thomas A},
	Publisher = {Springer},
	Title = {The theory of hybrid automata},
	Year = {2000}}

@article{journ-rtm,
	Author = {P. C. {\"O}lveczky and J. Meseguer},
	Date-Added = {2014-01-27 20:00:52 +0000},
	Date-Modified = {2014-01-27 20:00:53 +0000},
	Journal = {Higher-Order and Symbolic Computation},
	Number = {1-2},
	Optmonth = {June},
	Pages = {161-196},
	Publisher = {Springer Verlag},
	Title = {Semantics and Pragmatics of {Real-Time Maude}},
	Volume = {20},
	Year = {2007}}

@inproceedings{chaki2013compositional,
	Author = {Chaki, Sagar and Gurfinkel, Arie and Kong, Soonho and Strichman, Ofer},
	Booktitle = {VMCAI},
	Organization = {Springer},
	Pages = {536--554},
	Title = {Compositional Sequentialization of Periodic Programs},
	Year = {2013}}

@incollection{loos-hscc13,
	Acmid = {2461350},
	Author = {Loos, Sarah M. and Renshaw, David and Platzer, Andr{\'e}},
	Booktitle = {Proc.\ HSCC'13},
	Isbn = {978-1-4503-1567-8},
	Location = {Philadelphia, Pennsylvania, USA},
	Numpages = {6},
	Optaddress = {New York, NY, USA},
	Optdoi = {10.1145/2461328.2461350},
	Pages = {125--130},
	Publisher = {ACM},
	Title = {Formal verification of distributed aircraft controllers},
	Year = {2013}}

@article{lynch2003hybrid,
	Author = {Lynch, Nancy and Segala, Roberto and Vaandrager, Frits},
	Journal = {Information and Computation},
	Number = {1},
	Pages = {105--157},
	Publisher = {Elsevier},
	Title = {Hybrid {I/O} automata},
	Volume = {185},
	Year = {2003}}

@book{anderson2005introduction,
	Author = {Anderson, J.D.},
	Optvolume = {199},
	Publisher = {McGraw-Hill},
	Title = {Introduction to flight},
	Year = {2005}}

@inproceedings{dReal,
	Author = {Sicun Gao and Soonho Kong and Edmund M. Clarke},
	Booktitle = {CADE'13},
	OPTPages = {208--214},
	Publisher = {Springer},
	Series = {LNCS},
	Title = {{dReal}: An {SMT} Solver for Nonlinear Theories over the Reals},
	Volume = {7898},
	Year = {2013}}

@inproceedings{dReach,
	Author = {Soonho Kong and Sicun Gao and Wei Chen and Edmund M. Clarke},
	Booktitle = {TACAS'15},
	OPTPages = {200--205},
	Publisher = {Springer},
	Series = {LNCS},
	Title = {{dReach}: $\delta$-Reachability Analysis for Hybrid Systems},
	Volume = {7898},
	Year = {2015}}

@inproceedings{delta-comp,
	Author = {Sicun Gao and Jeremy Avigad and Edmund M. Clarke},
	Booktitle = {IJCAR'12},
	OPTPages = {286--300},
	Publisher = {Springer},
	Series = {LNCS},
	Title = {{\(\delta\)}-Complete Decision Procedures for Satisfiability over the Reals},
	Volume = {7364},
	Year = {2012}}

@inproceedings{sat-ode,
	Author = {Sicun Gao and Soonho Kong and Edmund M. Clarke},
	Booktitle = {FMCAD'13},
	OPTPages = {105--112},
	Publisher = {{IEEE}},
	Title = {Satisfiability modulo {ODE}s},
	Year = {2013}}

@incollection{kowalewski1999case,
	Author = {Kowalewski, Stefan and Stursberg, Olaf and Fritz, Martin and Graf, Holger and Hoffmann, Ingo and Preu{\ss}ig, J{\"o}rg and Remelhe, Manuel and Simon, Silke and Treseler, Heinz},
	Booktitle = {Hybrid Systems {V}},
	OPTPages = {163--185},
	series    = {LNCS},
       volume    = {1567},
       publisher = {Springer},
	Title = {A case study in tool-aided analysis of discretely controlled continuous systems: The two tanks problem},
	Year = {1999}}

@incollection{raisch1999approximating,
	Author = {Raisch, J{\"o}rg and Klein, Eberhard and O'Young, Siu and Meder, Christian and Itigin, Alexander},
	Booktitle = {Hybrid Systems {V}},
	OPTPages = {279--303},
        series    = {LNCS},
        volume    = {1567},
        publisher = {Springer},
	Title = {Approximating Automata and Discrete Control for Continuous Systems --- Two Examples from Process Control},
	Year = {1999}}

@article{platzer2008differential,
	Author = {Platzer, Andr{\'e}},
	Journal = {Journal of Automated Reasoning},
	Number = {2},
	Pages = {143--189},
	Publisher = {Springer},
	Title = {Differential dynamic logic for hybrid systems},
	Volume = {41},
	Year = {2008}}

@book{allerton2009principles,
	Author = {Allerton, David},
	Publisher = {John Wiley \& Sons},
	Title = {Principles of flight simulation},
	Year = {2009}}

@book{stevens2003aircraft,
	Author = {Stevens, Brian L and Lewis, Frank L},
	Publisher = {John Wiley \& Sons},
	Title = {Aircraft control and simulation},
	Year = {2003}}

@article{fox2012plan,
	Author = {Fox, Maria and Long, Derek and Magazzeni, Daniele and Velez, J and Hemann, G and Huang, AS and Posner, I and Roy, N and Planken, LR and de Weerdt, MM and others},
	Journal = {Journal of Artificial Intelligence Research},
	Pages = {335--382},
	Title = {Plan-based policies for efficient multiple battery load management},
	Year = {2012}}

@article{DBLP:journals/fmsd/FranzleH07,
	Author = {Martin Fr{\"{a}}nzle and Christian Herde},
	Bibsource = {dblp computer science bibliography, http://dblp.org},
	Biburl = {http://dblp.uni-trier.de/rec/bib/journals/fmsd/FranzleH07},
	OPTDoi = {10.1007/s10703-006-0031-0},
	Journal = {Formal Methods in System Design},
	Number = {3},
	Pages = {179--198},
	Timestamp = {Tue, 11 Sep 2007 08:05:09 +0200},
	Title = {{HySAT}: An efficient proof engine for bounded model checking of hybrid systems},
	OPTUrl = {http://dx.doi.org/10.1007/s10703-006-0031-0},
	Volume = {30},
	Year = {2007},
	OPTBdsk-Url-1 = {http://dx.doi.org/10.1007/s10703-006-0031-0}}

@inproceedings{DBLP:conf/cav/FrehseGDCRLRGDM11,
	Author = {Goran Frehse and Le Guernic, Colas and Alexandre Donz{\'{e}} and Scott Cotton and Rajarshi Ray and Olivier Lebeltel and Rodolfo Ripado and Antoine Girard and Thao Dang and Oded Maler},
	Bibsource = {dblp computer science bibliography, http://dblp.org},
	Biburl = {http://dblp.uni-trier.de/rec/bib/conf/cav/FrehseGDCRLRGDM11},
	OPTBooktitle = {Computer Aided Verification - 23rd International Conference, {CAV} 2011, Snowbird, UT, USA, July 14-20, 2011. Proceedings},
	Booktitle = {CAV'11}, 
	Doi = {10.1007/978-3-642-22110-1_30},
	OPTPages = {379--395},
	Timestamp = {Mon, 11 Jul 2011 13:24:02 +0200},
	Title = {{SpaceEx}: Scalable Verification of Hybrid Systems},
	OPTUrl = {http://dx.doi.org/10.1007/978-3-642-22110-1_30},
	Year = {2011},
	series    = {LNCS},
        volume    = {6806},
        publisher = {Springer},
	OPTBdsk-Url-1 = {http://dx.doi.org/10.1007/978-3-642-22110-1_30}}

@incollection{eggers2008sat,
	Author = {Andreas Eggers and Martin Fr{\"{a}}nzle and Christian Herde},
	Booktitle = {ATVA'08},
	OPTPages = {171--185},
	Publisher = {Springer},
	series    = {LNCS},
        volume    = {5311},
	Title = {{SAT} modulo {ODE}: A direct {SAT} approach to hybrid systems},
	Year = {2008}}

@article{ratschan2007safety,
	Author = {Stefan Ratschan and Zhikun She},
	Journal = {ACM Transactions on Embedded Computing Systems (TECS)},
	Number = {1},
	OPTPages = {8},
	Publisher = {ACM},
	Title = {Safety verification of hybrid systems by constraint propagation-based abstraction refinement},
	Volume = {6},
	Year = {2007}}

@inproceedings{DBLP:conf/aaai/CimattiMT12,
	Author = {Alessandro Cimatti and Sergio Mover and Stefano Tonetta},
	Bibsource = {dblp computer science bibliography, http://dblp.org},
	Biburl = {http://dblp.uni-trier.de/rec/bib/conf/aaai/CimattiMT12},
	OPTBooktitle = {Proceedings of the Twenty-Sixth {AAAI} Conference on Artificial Intelligence, July 22-26, 2012, Toronto, Ontario, Canada.},
	Booktitle = {26th {AAAI} Conference on Artificial Intelligence},
	Timestamp = {Thu, 31 Jul 2014 11:17:14 +0200},
	Title = {{SMT}-Based Verification of Hybrid Systems},
	OPTUrl = {http://www.aaai.org/ocs/index.php/AAAI/AAAI12/paper/view/5072},
	Year = {2012},
	publisher = {{AAAI} Press},
	OPTBdsk-Url-1 = {http://www.aaai.org/ocs/index.php/AAAI/AAAI12/paper/view/5072}}

@inproceedings{DBLP:conf/fmcad/CimattiMT12,
	Author = {Alessandro Cimatti and Sergio Mover and Stefano Tonetta},
	Bibsource = {dblp computer science bibliography, http://dblp.org},
	Biburl = {http://dblp.uni-trier.de/rec/bib/conf/fmcad/CimattiMT12},
	OPTBooktitle = {Formal Methods in Computer-Aided Design, {FMCAD} 2012, Cambridge, UK, October 22-25, 2012},
	Booktitle = {FMCAD'12},
	OPTPages = {187--195},
	publisher = {{IEEE}},
	Timestamp = {Fri, 15 Mar 2013 09:45:56 +0100},
	Title = {A quantifier-free {SMT} encoding of non-linear hybrid automata},
	OPTUrl = {http://ieeexplore.ieee.org/xpl/articleDetails.jsp?arnumber=6462573},
	Year = {2012},
	OPTBdsk-Url-1 = {http://ieeexplore.ieee.org/xpl/articleDetails.jsp?arnumber=6462573}}

@article{DBLP:journals/jlp/FranzleTE10,
	Author = {Martin Fr{\"a}nzle and Tino Teige and Andreas Eggers},
	Bibsource = {DBLP, http://dblp.uni-trier.de},
	Ee = {http://dx.doi.org/10.1016/j.jlap.2010.07.003},
	Journal = {J. Log. Algebr. Program.},
	Number = {7},
	Pages = {436-466},
	Title = {Engineering constraint solvers for automatic analysis of probabilistic hybrid automata},
	Volume = {79},
	Year = {2010}}

@article{DBLP:journals/tac/AlthoffK14,
	Author = {Matthias Althoff and Bruce H. Krogh},
	Bibsource = {dblp computer science bibliography, http://dblp.org},
	Biburl = {http://dblp.uni-trier.de/rec/bib/journals/tac/AlthoffK14},
	Doi = {10.1109/TAC.2013.2285751},
	Journal = {{IEEE} Trans. Automat. Contr.},
	Number = 2,
	Pages = {371--383},
	Timestamp = {Sun, 19 Oct 2014 08:47:25 +0200},
	Title = {Reachability Analysis of Nonlinear Differential-Algebraic Systems},
	Url = {http://dx.doi.org/10.1109/TAC.2013.2285751},
	Volume = 59,
	Year = 2014,
	Bdsk-Url-1 = {http://dx.doi.org/10.1109/TAC.2013.2285751}}

@incollection{frehse2005phaver,
	Author = {Goran Frehse},
	Booktitle = {Hybrid Systems: Computation and Control},
	Pages = {258--273},
	Publisher = {Springer},
	Title = {PHAVer: Algorithmic verification of hybrid systems past HyTech},
	Year = {2005}}

@inproceedings{DBLP:conf/icons/HerdeEFT08,
	Author = {Christian Herde and Andreas Eggers and Martin Fr{\"a}nzle and Tino Teige},
	Bibsource = {DBLP, http://dblp.uni-trier.de},
	Booktitle = {ICONS},
	Ee = {http://doi.ieeecomputersociety.org/10.1109/ICONS.2008.17},
	Pages = {196-201},
	Title = {Analysis of Hybrid Systems Using HySAT},
	Year = {2008}}

@inproceedings{DBLP:conf/rtss/ChenAS12,
	Author = {Xin Chen and Erika {\'A}brah{\'a}m and Sriram Sankaranarayanan},
	Bibsource = {DBLP, http://dblp.uni-trier.de},
	Booktitle = {RTSS},
	Ee = {http://doi.ieeecomputersociety.org/10.1109/RTSS.2012.70},
	Pages = {183-192},
	Title = {Taylor Model Flowpipe Construction for Non-linear Hybrid Systems},
	Year = {2012}}

@inproceedings{DBLP:conf/cav/ChenAS13,
	Author = {Xin Chen and Erika {\'{A}}brah{\'{a}}m and Sriram Sankaranarayanan},
	Booktitle = {CAV'13},
	Organization = {Springer},
	series = {LNCS},
	volume = {8044},
	OPTPages = {258--263},
	Title = {Flow*: An Analyzer for Non-linear Hybrid Systems},
	Year = {2013}}

@book{lynch-book,
	Author = {Nancy Ann Lynch},
	Date-Added = {2014-01-27 19:57:45 +0000},
	Date-Modified = {2014-05-14 17:13:21 +0000},
	Publisher = {Morgan Kaufmann},
	Title = {Distributed Algorithms},
	Year = 1996}
